[gd_scene load_steps=19 format=2]

[ext_resource path="res://Assets/GUI/Items/armor/armor_02.png" type="Texture" id=1]
[ext_resource path="res://Assets/GUI/Utility/Background.png" type="Texture" id=2]
[ext_resource path="res://Scripts/NPCs/Item.gd" type="Script" id=3]
[ext_resource path="res://Assets/GUI/Ressources/Gold.png" type="Texture" id=4]
[ext_resource path="res://Assets/GUI/Ressources/Stone.png" type="Texture" id=5]
[ext_resource path="res://Assets/GUI/Ressources/Iron.png" type="Texture" id=6]
[ext_resource path="res://Assets/GUI/Utility/button_pressed.png" type="Texture" id=7]
[ext_resource path="res://Assets/GUI/Utility/button_frame.png" type="Texture" id=8]
[ext_resource path="res://Assets/GUI/Utility/button_not_pressed.png" type="Texture" id=9]
[ext_resource path="res://Assets/GUI/Utility/button_hover.png" type="Texture" id=10]
[ext_resource path="res://Assets/GUI/GUIItems/Package/GUI Items/GUI_Items_0120_Package-----------------.png" type="Texture" id=11]
[ext_resource path="res://Assets/GUI/Items/weapon/weapon_01.png" type="Texture" id=12]
[ext_resource path="res://Assets/GUI/Items/shield/shield_08.png" type="Texture" id=13]
[ext_resource path="res://Assets/GUI/Skill_Icon/Basic_10_T.png" type="Texture" id=14]
[ext_resource path="res://Assets/GUI/Utility/mana-icon-0.png" type="Texture" id=15]
[ext_resource path="res://Assets/GUI/Items/boot/boot_02.png" type="Texture" id=16]
[ext_resource path="res://Assets/GUI/Utility/Attack_speed_icon.png" type="Texture" id=17]
[ext_resource path="res://Sounds/item Upgrade.wav" type="AudioStream" id=18]

[node name="Item" type="Control"]
anchor_right = 1.0
anchor_bottom = 1.0
margin_left = 1.46564
margin_top = 3.25369
margin_right = -480.534
margin_bottom = -510.746
rect_min_size = Vector2( 0, 86 )
size_flags_horizontal = 3
script = ExtResource( 3 )
__meta__ = {
"_edit_use_anchors_": false
}
item_icon_node = NodePath("MarginContainer/Item/Icon")
item_name_node = NodePath("MarginContainer/Item/Name")
item_level_node = NodePath("MarginContainer/Item/Level")
gold_kosten_node = NodePath("MarginContainer/Item/VBoxContainer2/HBoxContainer/Gold/Label")
iron_kosten_node = NodePath("MarginContainer/Item/VBoxContainer2/HBoxContainer/Eisen/Label")
stone_kosten_node = NodePath("MarginContainer/Item/VBoxContainer2/HBoxContainer/Stein/Label")
full_attack_node = NodePath("MarginContainer/Item/HBoxContainer/VBoxContainer/Attack")
current_attack_node = NodePath("MarginContainer/Item/HBoxContainer/VBoxContainer/Attack/Left/Label")
next_attack_node = NodePath("MarginContainer/Item/HBoxContainer/VBoxContainer/Attack/Right/Label")
full_armor_node = NodePath("MarginContainer/Item/HBoxContainer/VBoxContainer/Armor")
current_armor_node = NodePath("MarginContainer/Item/HBoxContainer/VBoxContainer/Armor/Left/Label")
next_armor_node = NodePath("MarginContainer/Item/HBoxContainer/VBoxContainer/Armor/Right/Label")
full_health_node = NodePath("MarginContainer/Item/HBoxContainer/VBoxContainer/Health")
current_health_node = NodePath("MarginContainer/Item/HBoxContainer/VBoxContainer/Health/Left/Label")
next_health_node = NodePath("MarginContainer/Item/HBoxContainer/VBoxContainer/Health/Right/Label")
full_mana_node = NodePath("MarginContainer/Item/HBoxContainer/VBoxContainer/Mana")
current_mana_node = NodePath("MarginContainer/Item/HBoxContainer/VBoxContainer/Mana/Left/Label")
next_mana_node = NodePath("MarginContainer/Item/HBoxContainer/VBoxContainer/Mana/Right/Label")
full_attack_speed_node = NodePath("MarginContainer/Item/HBoxContainer/VBoxContainer/AttackSpeed")
current_attack_speed_node = NodePath("MarginContainer/Item/HBoxContainer/VBoxContainer/AttackSpeed/Left/Label")
next_attack_speed_node = NodePath("MarginContainer/Item/HBoxContainer/VBoxContainer/AttackSpeed/Right/Label")
full_movement_speed_node = NodePath("MarginContainer/Item/HBoxContainer/VBoxContainer/Movementspeed")
current_movement_speed_node = NodePath("MarginContainer/Item/HBoxContainer/VBoxContainer/Movementspeed/Left/Label")
next_movement_speed_node = NodePath("MarginContainer/Item/HBoxContainer/VBoxContainer/Movementspeed/Right/Label")
buy_button_text_node = NodePath("MarginContainer/Item/VBoxContainer2/TextureRect/Verbessern/text")

[node name="TextureRect" type="TextureRect" parent="."]
anchor_right = 1.0
anchor_bottom = 1.0
size_flags_horizontal = 3
size_flags_vertical = 3
texture = ExtResource( 2 )
expand = true
__meta__ = {
"_edit_use_anchors_": false
}

[node name="MarginContainer" type="MarginContainer" parent="."]
anchor_right = 1.0
anchor_bottom = 1.0
custom_constants/margin_right = 10
custom_constants/margin_left = 10
__meta__ = {
"_edit_use_anchors_": false
}

[node name="Item" type="HBoxContainer" parent="MarginContainer"]
margin_left = 10.0
margin_right = 532.0
margin_bottom = 86.0
size_flags_horizontal = 3
size_flags_vertical = 3
custom_constants/separation = 15

[node name="Icon" type="TextureRect" parent="MarginContainer/Item"]
margin_right = 64.0
margin_bottom = 86.0
rect_min_size = Vector2( 64, 64 )
size_flags_horizontal = 3
size_flags_vertical = 3
texture = ExtResource( 1 )
expand = true
stretch_mode = 6

[node name="Name" type="Label" parent="MarginContainer/Item"]
visible = false
margin_left = 79.0
margin_right = 156.0
margin_bottom = 86.0
size_flags_horizontal = 3
size_flags_vertical = 3
size_flags_stretch_ratio = 2.37
text = "LederTunika"
valign = 1

[node name="Level" type="Label" parent="MarginContainer/Item"]
margin_left = 79.0
margin_right = 107.0
margin_bottom = 86.0
rect_min_size = Vector2( 20, 0 )
size_flags_horizontal = 3
size_flags_vertical = 3
size_flags_stretch_ratio = 3.03
text = "+0"
valign = 1

[node name="HBoxContainer" type="HBoxContainer" parent="MarginContainer/Item"]
margin_left = 122.0
margin_right = 307.0
margin_bottom = 86.0
size_flags_horizontal = 3
size_flags_vertical = 3
size_flags_stretch_ratio = 20.0

[node name="VBoxContainer" type="VBoxContainer" parent="MarginContainer/Item/HBoxContainer"]
margin_bottom = 86.0
alignment = 1

[node name="Health" type="HBoxContainer" parent="MarginContainer/Item/HBoxContainer/VBoxContainer"]
visible = false
margin_top = 40.0
margin_right = 142.0
margin_bottom = 56.0

[node name="Left" type="HBoxContainer" parent="MarginContainer/Item/HBoxContainer/VBoxContainer/Health"]
margin_right = 52.0
margin_bottom = 16.0
rect_min_size = Vector2( 52, 0 )
alignment = 2

[node name="HealthLeft" type="TextureRect" parent="MarginContainer/Item/HBoxContainer/VBoxContainer/Health/Left"]
margin_left = 24.0
margin_right = 40.0
margin_bottom = 16.0
rect_min_size = Vector2( 16, 16 )
hint_tooltip = "Movement Speed"
texture = ExtResource( 14 )
expand = true
stretch_mode = 6
__meta__ = {
"_edit_use_anchors_": false
}

[node name="Label" type="Label" parent="MarginContainer/Item/HBoxContainer/VBoxContainer/Health/Left"]
margin_left = 44.0
margin_top = 1.0
margin_right = 52.0
margin_bottom = 15.0
text = "5"

[node name="CenterContainer" type="CenterContainer" parent="MarginContainer/Item/HBoxContainer/VBoxContainer/Health"]
margin_left = 56.0
margin_right = 86.0
margin_bottom = 16.0

[node name="TextureRect" type="TextureRect" parent="MarginContainer/Item/HBoxContainer/VBoxContainer/Health/CenterContainer"]
margin_right = 30.0
margin_bottom = 15.0
rect_min_size = Vector2( 30, 15 )
texture = ExtResource( 11 )
expand = true

[node name="Right" type="HBoxContainer" parent="MarginContainer/Item/HBoxContainer/VBoxContainer/Health"]
margin_left = 90.0
margin_right = 142.0
margin_bottom = 16.0
rect_min_size = Vector2( 52, 0 )

[node name="HealthRight" type="TextureRect" parent="MarginContainer/Item/HBoxContainer/VBoxContainer/Health/Right"]
margin_right = 16.0
margin_bottom = 16.0
rect_min_size = Vector2( 16, 16 )
hint_tooltip = "Movement Speed"
texture = ExtResource( 14 )
expand = true
stretch_mode = 6

[node name="Label" type="Label" parent="MarginContainer/Item/HBoxContainer/VBoxContainer/Health/Right"]
margin_left = 20.0
margin_top = 1.0
margin_right = 28.0
margin_bottom = 15.0
text = "5"
__meta__ = {
"_edit_use_anchors_": false
}

[node name="Attack" type="HBoxContainer" parent="MarginContainer/Item/HBoxContainer/VBoxContainer"]
visible = false
margin_top = 20.0
margin_right = 142.0
margin_bottom = 36.0

[node name="Left" type="HBoxContainer" parent="MarginContainer/Item/HBoxContainer/VBoxContainer/Attack"]
margin_right = 52.0
margin_bottom = 16.0
rect_min_size = Vector2( 52, 0 )
alignment = 2

[node name="SwordLeft" type="TextureRect" parent="MarginContainer/Item/HBoxContainer/VBoxContainer/Attack/Left"]
margin_left = 24.0
margin_right = 40.0
margin_bottom = 16.0
hint_tooltip = "Attack"
texture = ExtResource( 12 )
stretch_mode = 6
__meta__ = {
"_edit_use_anchors_": false
}

[node name="Label" type="Label" parent="MarginContainer/Item/HBoxContainer/VBoxContainer/Attack/Left"]
margin_left = 44.0
margin_top = 1.0
margin_right = 52.0
margin_bottom = 15.0
text = "5"

[node name="CenterContainer" type="CenterContainer" parent="MarginContainer/Item/HBoxContainer/VBoxContainer/Attack"]
margin_left = 56.0
margin_right = 86.0
margin_bottom = 16.0

[node name="TextureRect" type="TextureRect" parent="MarginContainer/Item/HBoxContainer/VBoxContainer/Attack/CenterContainer"]
margin_right = 30.0
margin_bottom = 15.0
rect_min_size = Vector2( 30, 15 )
texture = ExtResource( 11 )
expand = true

[node name="Right" type="HBoxContainer" parent="MarginContainer/Item/HBoxContainer/VBoxContainer/Attack"]
margin_left = 90.0
margin_right = 142.0
margin_bottom = 16.0
rect_min_size = Vector2( 52, 0 )

[node name="SwordRight" type="TextureRect" parent="MarginContainer/Item/HBoxContainer/VBoxContainer/Attack/Right"]
margin_right = 16.0
margin_bottom = 16.0
hint_tooltip = "Attack"
texture = ExtResource( 12 )
stretch_mode = 6

[node name="Label" type="Label" parent="MarginContainer/Item/HBoxContainer/VBoxContainer/Attack/Right"]
margin_left = 20.0
margin_top = 1.0
margin_right = 28.0
margin_bottom = 15.0
text = "5"
__meta__ = {
"_edit_use_anchors_": false
}

[node name="Armor" type="HBoxContainer" parent="MarginContainer/Item/HBoxContainer/VBoxContainer"]
visible = false
margin_top = 30.0
margin_right = 142.0
margin_bottom = 46.0

[node name="Left" type="HBoxContainer" parent="MarginContainer/Item/HBoxContainer/VBoxContainer/Armor"]
margin_right = 52.0
margin_bottom = 16.0
rect_min_size = Vector2( 52, 0 )
alignment = 2

[node name="ShieldLeft" type="TextureRect" parent="MarginContainer/Item/HBoxContainer/VBoxContainer/Armor/Left"]
margin_left = 24.0
margin_right = 40.0
margin_bottom = 16.0
hint_tooltip = "Armor"
texture = ExtResource( 13 )
stretch_mode = 6
__meta__ = {
"_edit_use_anchors_": false
}

[node name="Label" type="Label" parent="MarginContainer/Item/HBoxContainer/VBoxContainer/Armor/Left"]
margin_left = 44.0
margin_top = 1.0
margin_right = 52.0
margin_bottom = 15.0
text = "5"

[node name="CenterContainer" type="CenterContainer" parent="MarginContainer/Item/HBoxContainer/VBoxContainer/Armor"]
margin_left = 56.0
margin_right = 86.0
margin_bottom = 16.0

[node name="TextureRect" type="TextureRect" parent="MarginContainer/Item/HBoxContainer/VBoxContainer/Armor/CenterContainer"]
margin_right = 30.0
margin_bottom = 15.0
rect_min_size = Vector2( 30, 15 )
texture = ExtResource( 11 )
expand = true

[node name="Right" type="HBoxContainer" parent="MarginContainer/Item/HBoxContainer/VBoxContainer/Armor"]
margin_left = 90.0
margin_right = 142.0
margin_bottom = 16.0
rect_min_size = Vector2( 52, 0 )

[node name="ShieldRight" type="TextureRect" parent="MarginContainer/Item/HBoxContainer/VBoxContainer/Armor/Right"]
margin_right = 16.0
margin_bottom = 16.0
hint_tooltip = "Armor"
texture = ExtResource( 13 )
stretch_mode = 5

[node name="Label" type="Label" parent="MarginContainer/Item/HBoxContainer/VBoxContainer/Armor/Right"]
margin_left = 20.0
margin_top = 1.0
margin_right = 28.0
margin_bottom = 15.0
text = "5"
__meta__ = {
"_edit_use_anchors_": false
}

[node name="Mana" type="HBoxContainer" parent="MarginContainer/Item/HBoxContainer/VBoxContainer"]
visible = false
margin_top = 30.0
margin_right = 142.0
margin_bottom = 46.0

[node name="Left" type="HBoxContainer" parent="MarginContainer/Item/HBoxContainer/VBoxContainer/Mana"]
margin_right = 52.0
margin_bottom = 16.0
rect_min_size = Vector2( 52, 0 )
alignment = 2

[node name="ManaLeft" type="TextureRect" parent="MarginContainer/Item/HBoxContainer/VBoxContainer/Mana/Left"]
margin_left = 24.0
margin_right = 40.0
margin_bottom = 16.0
rect_min_size = Vector2( 16, 16 )
hint_tooltip = "Mana"
texture = ExtResource( 15 )
expand = true
stretch_mode = 6
__meta__ = {
"_edit_use_anchors_": false
}

[node name="Label" type="Label" parent="MarginContainer/Item/HBoxContainer/VBoxContainer/Mana/Left"]
margin_left = 44.0
margin_top = 1.0
margin_right = 52.0
margin_bottom = 15.0
text = "5"

[node name="CenterContainer" type="CenterContainer" parent="MarginContainer/Item/HBoxContainer/VBoxContainer/Mana"]
margin_left = 56.0
margin_right = 86.0
margin_bottom = 16.0

[node name="TextureRect" type="TextureRect" parent="MarginContainer/Item/HBoxContainer/VBoxContainer/Mana/CenterContainer"]
margin_right = 30.0
margin_bottom = 15.0
rect_min_size = Vector2( 30, 15 )
texture = ExtResource( 11 )
expand = true

[node name="Right" type="HBoxContainer" parent="MarginContainer/Item/HBoxContainer/VBoxContainer/Mana"]
margin_left = 90.0
margin_right = 142.0
margin_bottom = 16.0
rect_min_size = Vector2( 52, 0 )

[node name="ManaRight" type="TextureRect" parent="MarginContainer/Item/HBoxContainer/VBoxContainer/Mana/Right"]
margin_right = 16.0
margin_bottom = 16.0
rect_min_size = Vector2( 16, 16 )
hint_tooltip = "Mana"
texture = ExtResource( 15 )
expand = true
stretch_mode = 6

[node name="Label" type="Label" parent="MarginContainer/Item/HBoxContainer/VBoxContainer/Mana/Right"]
margin_left = 20.0
margin_top = 1.0
margin_right = 28.0
margin_bottom = 15.0
text = "5"
__meta__ = {
"_edit_use_anchors_": false
}

[node name="AttackSpeed" type="HBoxContainer" parent="MarginContainer/Item/HBoxContainer/VBoxContainer"]
visible = false
margin_top = 40.0
margin_right = 142.0
margin_bottom = 56.0

[node name="Left" type="HBoxContainer" parent="MarginContainer/Item/HBoxContainer/VBoxContainer/AttackSpeed"]
margin_right = 52.0
margin_bottom = 16.0
rect_min_size = Vector2( 52, 0 )
alignment = 2

[node name="AttackSpeedLeft" type="TextureRect" parent="MarginContainer/Item/HBoxContainer/VBoxContainer/AttackSpeed/Left"]
margin_left = 24.0
margin_right = 40.0
margin_bottom = 16.0
hint_tooltip = "Attack Speed"
texture = ExtResource( 17 )
stretch_mode = 6
__meta__ = {
"_edit_use_anchors_": false
}

[node name="Label" type="Label" parent="MarginContainer/Item/HBoxContainer/VBoxContainer/AttackSpeed/Left"]
margin_left = 44.0
margin_top = 1.0
margin_right = 52.0
margin_bottom = 15.0
text = "5"

[node name="CenterContainer" type="CenterContainer" parent="MarginContainer/Item/HBoxContainer/VBoxContainer/AttackSpeed"]
margin_left = 56.0
margin_right = 86.0
margin_bottom = 16.0

[node name="TextureRect" type="TextureRect" parent="MarginContainer/Item/HBoxContainer/VBoxContainer/AttackSpeed/CenterContainer"]
margin_right = 30.0
margin_bottom = 15.0
rect_min_size = Vector2( 30, 15 )
texture = ExtResource( 11 )
expand = true

[node name="Right" type="HBoxContainer" parent="MarginContainer/Item/HBoxContainer/VBoxContainer/AttackSpeed"]
margin_left = 90.0
margin_right = 142.0
margin_bottom = 16.0
rect_min_size = Vector2( 52, 0 )

[node name="AttackSpeedRight" type="TextureRect" parent="MarginContainer/Item/HBoxContainer/VBoxContainer/AttackSpeed/Right"]
margin_right = 16.0
margin_bottom = 16.0
hint_tooltip = "Attack Speed"
texture = ExtResource( 17 )
stretch_mode = 6

[node name="Label" type="Label" parent="MarginContainer/Item/HBoxContainer/VBoxContainer/AttackSpeed/Right"]
margin_left = 20.0
margin_top = 1.0
margin_right = 28.0
margin_bottom = 15.0
text = "5"
__meta__ = {
"_edit_use_anchors_": false
}

[node name="Movementspeed" type="HBoxContainer" parent="MarginContainer/Item/HBoxContainer/VBoxContainer"]
visible = false
margin_top = 55.0
margin_right = 142.0
margin_bottom = 71.0

[node name="Left" type="HBoxContainer" parent="MarginContainer/Item/HBoxContainer/VBoxContainer/Movementspeed"]
margin_right = 52.0
margin_bottom = 16.0
rect_min_size = Vector2( 52, 0 )
alignment = 2

[node name="MovementLeft" type="TextureRect" parent="MarginContainer/Item/HBoxContainer/VBoxContainer/Movementspeed/Left"]
margin_left = 24.0
margin_right = 40.0
margin_bottom = 16.0
hint_tooltip = "Movement Speed"
texture = ExtResource( 16 )
stretch_mode = 6
__meta__ = {
"_edit_use_anchors_": false
}

[node name="Label" type="Label" parent="MarginContainer/Item/HBoxContainer/VBoxContainer/Movementspeed/Left"]
margin_left = 44.0
margin_top = 1.0
margin_right = 52.0
margin_bottom = 15.0
text = "5"

[node name="CenterContainer" type="CenterContainer" parent="MarginContainer/Item/HBoxContainer/VBoxContainer/Movementspeed"]
margin_left = 56.0
margin_right = 86.0
margin_bottom = 16.0

[node name="TextureRect" type="TextureRect" parent="MarginContainer/Item/HBoxContainer/VBoxContainer/Movementspeed/CenterContainer"]
margin_right = 30.0
margin_bottom = 15.0
rect_min_size = Vector2( 30, 15 )
texture = ExtResource( 11 )
expand = true

[node name="Right" type="HBoxContainer" parent="MarginContainer/Item/HBoxContainer/VBoxContainer/Movementspeed"]
margin_left = 90.0
margin_right = 142.0
margin_bottom = 16.0
rect_min_size = Vector2( 52, 0 )

[node name="MovementRight" type="TextureRect" parent="MarginContainer/Item/HBoxContainer/VBoxContainer/Movementspeed/Right"]
margin_right = 16.0
margin_bottom = 16.0
hint_tooltip = "Movement Speed"
texture = ExtResource( 16 )
stretch_mode = 6

[node name="Label" type="Label" parent="MarginContainer/Item/HBoxContainer/VBoxContainer/Movementspeed/Right"]
margin_left = 20.0
margin_top = 1.0
margin_right = 28.0
margin_bottom = 15.0
text = "5"
__meta__ = {
"_edit_use_anchors_": false
}

[node name="VBoxContainer2" type="VBoxContainer" parent="MarginContainer/Item"]
margin_left = 322.0
margin_right = 522.0
margin_bottom = 86.0

[node name="TextureRect" type="TextureRect" parent="MarginContainer/Item/VBoxContainer2"]
margin_right = 200.0
margin_bottom = 50.0
rect_min_size = Vector2( 200, 50 )
texture = ExtResource( 8 )
expand = true
stretch_mode = 6
__meta__ = {
"_edit_use_anchors_": false
}

[node name="Verbessern" type="TextureButton" parent="MarginContainer/Item/VBoxContainer2/TextureRect"]
self_modulate = Color( 0.764706, 0.764706, 0.764706, 1 )
show_behind_parent = true
anchor_right = 1.0
anchor_bottom = 1.0
keep_pressed_outside = true
texture_normal = ExtResource( 9 )
texture_pressed = ExtResource( 7 )
texture_hover = ExtResource( 10 )
expand = true
stretch_mode = 5
__meta__ = {
"_edit_use_anchors_": false
}

[node name="text" type="Label" parent="MarginContainer/Item/VBoxContainer2/TextureRect/Verbessern"]
modulate = Color( 0, 0, 0, 1 )
anchor_right = 1.0
anchor_bottom = 1.0
text = "Verbessern"
align = 1
valign = 1
uppercase = true
__meta__ = {
"_edit_use_anchors_": false
}

[node name="HBoxContainer" type="HBoxContainer" parent="MarginContainer/Item/VBoxContainer2"]
margin_top = 54.0
margin_right = 200.0
margin_bottom = 74.0
custom_constants/separation = 10
alignment = 1

[node name="Gold" type="HBoxContainer" parent="MarginContainer/Item/VBoxContainer2/HBoxContainer"]
margin_left = 18.0
margin_right = 66.0
margin_bottom = 20.0

[node name="TextureRect" type="TextureRect" parent="MarginContainer/Item/VBoxContainer2/HBoxContainer/Gold"]
margin_right = 20.0
margin_bottom = 20.0
rect_min_size = Vector2( 20, 20 )
texture = ExtResource( 4 )
expand = true
stretch_mode = 6

[node name="Label" type="Label" parent="MarginContainer/Item/VBoxContainer2/HBoxContainer/Gold"]
margin_left = 24.0
margin_top = 3.0
margin_right = 48.0
margin_bottom = 17.0
text = "100"

[node name="Eisen" type="HBoxContainer" parent="MarginContainer/Item/VBoxContainer2/HBoxContainer"]
margin_left = 76.0
margin_right = 124.0
margin_bottom = 20.0

[node name="TextureRect2" type="TextureRect" parent="MarginContainer/Item/VBoxContainer2/HBoxContainer/Eisen"]
margin_right = 20.0
margin_bottom = 20.0
rect_min_size = Vector2( 20, 20 )
texture = ExtResource( 6 )
expand = true
stretch_mode = 6

[node name="Label" type="Label" parent="MarginContainer/Item/VBoxContainer2/HBoxContainer/Eisen"]
margin_left = 24.0
margin_top = 3.0
margin_right = 48.0
margin_bottom = 17.0
text = "100"

[node name="Stein" type="HBoxContainer" parent="MarginContainer/Item/VBoxContainer2/HBoxContainer"]
margin_left = 134.0
margin_right = 182.0
margin_bottom = 20.0

[node name="TextureRect3" type="TextureRect" parent="MarginContainer/Item/VBoxContainer2/HBoxContainer/Stein"]
margin_right = 20.0
margin_bottom = 20.0
rect_min_size = Vector2( 20, 20 )
texture = ExtResource( 5 )
expand = true
stretch_mode = 6

[node name="Label" type="Label" parent="MarginContainer/Item/VBoxContainer2/HBoxContainer/Stein"]
margin_left = 24.0
margin_top = 3.0
margin_right = 48.0
margin_bottom = 17.0
text = "100"

[node name="Control" type="Control" parent="MarginContainer/Item"]
visible = false
margin_left = 673.0
margin_right = 773.0
margin_bottom = 86.0
rect_min_size = Vector2( 100, 0 )

[node name="NinePatchRect" type="NinePatchRect" parent="MarginContainer/Item"]
visible = false
margin_left = 653.0
margin_right = 773.0
margin_bottom = 86.0
rect_min_size = Vector2( 120, 0 )

[node name="itemBougthSound" type="AudioStreamPlayer" parent="."]
stream = ExtResource( 18 )
[connection signal="button_down" from="MarginContainer/Item/VBoxContainer2/TextureRect/Verbessern" to="." method="_on_TextureButton_button_down"]
[connection signal="button_up" from="MarginContainer/Item/VBoxContainer2/TextureRect/Verbessern" to="." method="_on_TextureButton_button_up"]
[connection signal="mouse_entered" from="MarginContainer/Item/VBoxContainer2/TextureRect/Verbessern" to="." method="_on_Verbessern_mouse_entered"]
[connection signal="pressed" from="MarginContainer/Item/VBoxContainer2/TextureRect/Verbessern" to="." method="_on_TextureButton_pressed"]
