[gd_resource type="SpriteFrames" load_steps=26 format=2]

[ext_resource path="res://Assets/Players/NPCs/NPCs/Generic Male NPCs.png" type="Texture" id=1]

[sub_resource type="AtlasTexture" id=1]
flags = 4
atlas = ExtResource( 1 )
region = Rect2( 480, 0, 80, 120 )

[sub_resource type="AtlasTexture" id=2]
flags = 4
atlas = ExtResource( 1 )
region = Rect2( 560, 0, 80, 120 )

[sub_resource type="AtlasTexture" id=3]
flags = 4
atlas = ExtResource( 1 )
region = Rect2( 640, 0, 80, 120 )

[sub_resource type="AtlasTexture" id=4]
flags = 4
atlas = ExtResource( 1 )
region = Rect2( 480, 120, 80, 120 )

[sub_resource type="AtlasTexture" id=5]
flags = 4
atlas = ExtResource( 1 )
region = Rect2( 560, 120, 80, 120 )

[sub_resource type="AtlasTexture" id=6]
flags = 4
atlas = ExtResource( 1 )
region = Rect2( 640, 120, 80, 120 )

[sub_resource type="AtlasTexture" id=7]
flags = 4
atlas = ExtResource( 1 )
region = Rect2( 480, 240, 80, 120 )

[sub_resource type="AtlasTexture" id=8]
flags = 4
atlas = ExtResource( 1 )
region = Rect2( 560, 240, 80, 120 )

[sub_resource type="AtlasTexture" id=9]
flags = 4
atlas = ExtResource( 1 )
region = Rect2( 640, 240, 80, 120 )

[sub_resource type="AtlasTexture" id=10]
flags = 4
atlas = ExtResource( 1 )
region = Rect2( 480, 360, 80, 120 )

[sub_resource type="AtlasTexture" id=11]
flags = 4
atlas = ExtResource( 1 )
region = Rect2( 560, 360, 80, 120 )

[sub_resource type="AtlasTexture" id=12]
flags = 4
atlas = ExtResource( 1 )
region = Rect2( 640, 360, 80, 120 )

[sub_resource type="AtlasTexture" id=13]
flags = 4
atlas = ExtResource( 1 )
region = Rect2( 480, 0, 80, 120 )

[sub_resource type="AtlasTexture" id=14]
flags = 4
atlas = ExtResource( 1 )
region = Rect2( 560, 0, 80, 120 )

[sub_resource type="AtlasTexture" id=15]
flags = 4
atlas = ExtResource( 1 )
region = Rect2( 640, 0, 80, 120 )

[sub_resource type="AtlasTexture" id=16]
flags = 4
atlas = ExtResource( 1 )
region = Rect2( 480, 360, 80, 120 )

[sub_resource type="AtlasTexture" id=17]
flags = 4
atlas = ExtResource( 1 )
region = Rect2( 560, 360, 80, 120 )

[sub_resource type="AtlasTexture" id=18]
flags = 4
atlas = ExtResource( 1 )
region = Rect2( 640, 360, 80, 120 )

[sub_resource type="AtlasTexture" id=19]
flags = 4
atlas = ExtResource( 1 )
region = Rect2( 480, 240, 80, 120 )

[sub_resource type="AtlasTexture" id=20]
flags = 4
atlas = ExtResource( 1 )
region = Rect2( 560, 240, 80, 120 )

[sub_resource type="AtlasTexture" id=21]
flags = 4
atlas = ExtResource( 1 )
region = Rect2( 640, 240, 80, 120 )

[sub_resource type="AtlasTexture" id=22]
flags = 4
atlas = ExtResource( 1 )
region = Rect2( 480, 120, 80, 120 )

[sub_resource type="AtlasTexture" id=23]
flags = 4
atlas = ExtResource( 1 )
region = Rect2( 560, 120, 80, 120 )

[sub_resource type="AtlasTexture" id=24]
flags = 4
atlas = ExtResource( 1 )
region = Rect2( 640, 120, 80, 120 )

[resource]
animations = [ {
"frames": [ SubResource( 1 ), SubResource( 2 ), SubResource( 3 ), SubResource( 4 ), SubResource( 5 ), SubResource( 6 ), SubResource( 7 ), SubResource( 8 ), SubResource( 9 ), SubResource( 10 ), SubResource( 11 ), SubResource( 12 ) ],
"loop": true,
"name": "default",
"speed": 5.0
}, {
"frames": [ SubResource( 13 ), SubResource( 14 ), SubResource( 15 ) ],
"loop": true,
"name": "walk_south",
"speed": 5.0
}, {
"frames": [ SubResource( 16 ), SubResource( 17 ), SubResource( 18 ) ],
"loop": true,
"name": "walk_north",
"speed": 5.0
}, {
"frames": [ SubResource( 19 ), SubResource( 20 ), SubResource( 21 ) ],
"loop": true,
"name": "walk_east",
"speed": 5.0
}, {
"frames": [ SubResource( 22 ), SubResource( 23 ), SubResource( 24 ) ],
"loop": true,
"name": "walk_west",
"speed": 5.0
} ]
