[gd_resource type="SpriteFrames" load_steps=65 format=2]

[ext_resource path="res://Assets/Players/NPCs/Guard/Soldier_set_2.png" type="Texture" id=1]
[ext_resource path="res://Assets/Players/NPCs/Guard/soldier_set_1.png" type="Texture" id=2]

[sub_resource type="AtlasTexture" id=1]
flags = 4
atlas = ExtResource( 2 )
region = Rect2( 0, 768, 64, 64 )

[sub_resource type="AtlasTexture" id=2]
flags = 4
atlas = ExtResource( 2 )
region = Rect2( 64, 768, 64, 64 )

[sub_resource type="AtlasTexture" id=3]
flags = 4
atlas = ExtResource( 2 )
region = Rect2( 128, 768, 64, 64 )

[sub_resource type="AtlasTexture" id=4]
flags = 4
atlas = ExtResource( 2 )
region = Rect2( 192, 768, 64, 64 )

[sub_resource type="AtlasTexture" id=5]
flags = 4
atlas = ExtResource( 2 )
region = Rect2( 256, 768, 64, 64 )

[sub_resource type="AtlasTexture" id=6]
flags = 4
atlas = ExtResource( 2 )
region = Rect2( 320, 768, 64, 64 )

[sub_resource type="AtlasTexture" id=7]
flags = 4
atlas = ExtResource( 1 )
region = Rect2( 0, 576, 192, 192 )

[sub_resource type="AtlasTexture" id=8]
flags = 4
atlas = ExtResource( 1 )
region = Rect2( 192, 576, 192, 192 )

[sub_resource type="AtlasTexture" id=9]
flags = 4
atlas = ExtResource( 1 )
region = Rect2( 384, 576, 192, 192 )

[sub_resource type="AtlasTexture" id=10]
flags = 4
atlas = ExtResource( 1 )
region = Rect2( 576, 576, 192, 192 )

[sub_resource type="AtlasTexture" id=11]
flags = 4
atlas = ExtResource( 1 )
region = Rect2( 768, 576, 192, 192 )

[sub_resource type="AtlasTexture" id=12]
flags = 4
atlas = ExtResource( 1 )
region = Rect2( 960, 576, 192, 192 )

[sub_resource type="AtlasTexture" id=13]
flags = 4
atlas = ExtResource( 1 )
region = Rect2( 0, 384, 192, 192 )

[sub_resource type="AtlasTexture" id=14]
flags = 4
atlas = ExtResource( 1 )
region = Rect2( 192, 384, 192, 192 )

[sub_resource type="AtlasTexture" id=15]
flags = 4
atlas = ExtResource( 1 )
region = Rect2( 384, 384, 192, 192 )

[sub_resource type="AtlasTexture" id=16]
flags = 4
atlas = ExtResource( 1 )
region = Rect2( 576, 384, 192, 192 )

[sub_resource type="AtlasTexture" id=17]
flags = 4
atlas = ExtResource( 1 )
region = Rect2( 768, 384, 192, 192 )

[sub_resource type="AtlasTexture" id=18]
flags = 4
atlas = ExtResource( 1 )
region = Rect2( 960, 384, 192, 192 )

[sub_resource type="AtlasTexture" id=19]
flags = 4
atlas = ExtResource( 2 )
region = Rect2( 64, 0, 64, 64 )

[sub_resource type="AtlasTexture" id=20]
flags = 4
atlas = ExtResource( 2 )
region = Rect2( 128, 0, 64, 64 )

[sub_resource type="AtlasTexture" id=21]
flags = 4
atlas = ExtResource( 2 )
region = Rect2( 192, 0, 64, 64 )

[sub_resource type="AtlasTexture" id=22]
flags = 4
atlas = ExtResource( 2 )
region = Rect2( 256, 0, 64, 64 )

[sub_resource type="AtlasTexture" id=23]
flags = 4
atlas = ExtResource( 2 )
region = Rect2( 320, 0, 64, 64 )

[sub_resource type="AtlasTexture" id=24]
flags = 4
atlas = ExtResource( 2 )
region = Rect2( 384, 0, 64, 64 )

[sub_resource type="AtlasTexture" id=25]
flags = 4
atlas = ExtResource( 2 )
region = Rect2( 448, 0, 64, 64 )

[sub_resource type="AtlasTexture" id=26]
flags = 4
atlas = ExtResource( 2 )
region = Rect2( 512, 0, 64, 64 )

[sub_resource type="AtlasTexture" id=27]
flags = 4
atlas = ExtResource( 2 )
region = Rect2( 64, 128, 64, 64 )

[sub_resource type="AtlasTexture" id=28]
flags = 4
atlas = ExtResource( 2 )
region = Rect2( 128, 128, 64, 64 )

[sub_resource type="AtlasTexture" id=29]
flags = 4
atlas = ExtResource( 2 )
region = Rect2( 192, 128, 64, 64 )

[sub_resource type="AtlasTexture" id=30]
flags = 4
atlas = ExtResource( 2 )
region = Rect2( 256, 128, 64, 64 )

[sub_resource type="AtlasTexture" id=31]
flags = 4
atlas = ExtResource( 2 )
region = Rect2( 320, 128, 64, 64 )

[sub_resource type="AtlasTexture" id=32]
flags = 4
atlas = ExtResource( 2 )
region = Rect2( 384, 128, 64, 64 )

[sub_resource type="AtlasTexture" id=33]
flags = 4
atlas = ExtResource( 2 )
region = Rect2( 448, 128, 64, 64 )

[sub_resource type="AtlasTexture" id=34]
flags = 4
atlas = ExtResource( 2 )
region = Rect2( 512, 128, 64, 64 )

[sub_resource type="AtlasTexture" id=35]
flags = 4
atlas = ExtResource( 2 )
region = Rect2( 64, 192, 64, 64 )

[sub_resource type="AtlasTexture" id=36]
flags = 4
atlas = ExtResource( 2 )
region = Rect2( 128, 192, 64, 64 )

[sub_resource type="AtlasTexture" id=37]
flags = 4
atlas = ExtResource( 2 )
region = Rect2( 192, 192, 64, 64 )

[sub_resource type="AtlasTexture" id=38]
flags = 4
atlas = ExtResource( 2 )
region = Rect2( 256, 192, 64, 64 )

[sub_resource type="AtlasTexture" id=39]
flags = 4
atlas = ExtResource( 2 )
region = Rect2( 320, 192, 64, 64 )

[sub_resource type="AtlasTexture" id=40]
flags = 4
atlas = ExtResource( 2 )
region = Rect2( 384, 192, 64, 64 )

[sub_resource type="AtlasTexture" id=41]
flags = 4
atlas = ExtResource( 2 )
region = Rect2( 448, 192, 64, 64 )

[sub_resource type="AtlasTexture" id=42]
flags = 4
atlas = ExtResource( 2 )
region = Rect2( 512, 192, 64, 64 )

[sub_resource type="AtlasTexture" id=43]
flags = 4
atlas = ExtResource( 1 )
region = Rect2( 0, 192, 192, 192 )

[sub_resource type="AtlasTexture" id=44]
flags = 4
atlas = ExtResource( 1 )
region = Rect2( 192, 192, 192, 192 )

[sub_resource type="AtlasTexture" id=45]
flags = 4
atlas = ExtResource( 1 )
region = Rect2( 384, 192, 192, 192 )

[sub_resource type="AtlasTexture" id=46]
flags = 4
atlas = ExtResource( 1 )
region = Rect2( 576, 192, 192, 192 )

[sub_resource type="AtlasTexture" id=47]
flags = 4
atlas = ExtResource( 1 )
region = Rect2( 768, 192, 192, 192 )

[sub_resource type="AtlasTexture" id=48]
flags = 4
atlas = ExtResource( 1 )
region = Rect2( 960, 192, 192, 192 )

[sub_resource type="AtlasTexture" id=49]
flags = 4
atlas = ExtResource( 1 )
region = Rect2( 0, 0, 192, 192 )

[sub_resource type="AtlasTexture" id=50]
flags = 4
atlas = ExtResource( 1 )
region = Rect2( 192, 0, 192, 192 )

[sub_resource type="AtlasTexture" id=51]
flags = 4
atlas = ExtResource( 1 )
region = Rect2( 384, 0, 192, 192 )

[sub_resource type="AtlasTexture" id=52]
flags = 4
atlas = ExtResource( 1 )
region = Rect2( 576, 0, 192, 192 )

[sub_resource type="AtlasTexture" id=53]
flags = 4
atlas = ExtResource( 1 )
region = Rect2( 768, 0, 192, 192 )

[sub_resource type="AtlasTexture" id=54]
flags = 4
atlas = ExtResource( 1 )
region = Rect2( 960, 0, 192, 192 )

[sub_resource type="AtlasTexture" id=55]
flags = 4
atlas = ExtResource( 2 )
region = Rect2( 64, 64, 64, 64 )

[sub_resource type="AtlasTexture" id=56]
flags = 4
atlas = ExtResource( 2 )
region = Rect2( 128, 64, 64, 64 )

[sub_resource type="AtlasTexture" id=57]
flags = 4
atlas = ExtResource( 2 )
region = Rect2( 192, 64, 64, 64 )

[sub_resource type="AtlasTexture" id=58]
flags = 4
atlas = ExtResource( 2 )
region = Rect2( 256, 64, 64, 64 )

[sub_resource type="AtlasTexture" id=59]
flags = 4
atlas = ExtResource( 2 )
region = Rect2( 320, 64, 64, 64 )

[sub_resource type="AtlasTexture" id=60]
flags = 4
atlas = ExtResource( 2 )
region = Rect2( 384, 64, 64, 64 )

[sub_resource type="AtlasTexture" id=61]
flags = 4
atlas = ExtResource( 2 )
region = Rect2( 448, 64, 64, 64 )

[sub_resource type="AtlasTexture" id=62]
flags = 4
atlas = ExtResource( 2 )
region = Rect2( 512, 64, 64, 64 )

[resource]
animations = [ {
"frames": [ SubResource( 1 ), SubResource( 2 ), SubResource( 3 ), SubResource( 4 ), SubResource( 5 ), SubResource( 6 ) ],
"loop": false,
"name": "Death",
"speed": 5.0
}, {
"frames": [ SubResource( 7 ), SubResource( 8 ), SubResource( 9 ), SubResource( 10 ), SubResource( 11 ), SubResource( 12 ) ],
"loop": false,
"name": "Attack_E",
"speed": 5.0
}, {
"frames": [ SubResource( 13 ), SubResource( 14 ), SubResource( 15 ), SubResource( 16 ), SubResource( 17 ), SubResource( 18 ) ],
"loop": false,
"name": "Attack_S",
"speed": 5.0
}, {
"frames": [ SubResource( 19 ), SubResource( 20 ), SubResource( 21 ), SubResource( 22 ), SubResource( 23 ), SubResource( 24 ), SubResource( 25 ), SubResource( 26 ) ],
"loop": true,
"name": "Walking_N",
"speed": 10.0
}, {
"frames": [ SubResource( 27 ), SubResource( 28 ), SubResource( 29 ), SubResource( 30 ), SubResource( 31 ), SubResource( 32 ), SubResource( 33 ), SubResource( 34 ) ],
"loop": true,
"name": "Walking_S",
"speed": 10.0
}, {
"frames": [ SubResource( 35 ), SubResource( 36 ), SubResource( 37 ), SubResource( 38 ), SubResource( 39 ), SubResource( 40 ), SubResource( 41 ), SubResource( 42 ) ],
"loop": true,
"name": "Walking_E",
"speed": 10.0
}, {
"frames": [ SubResource( 43 ), SubResource( 44 ), SubResource( 45 ), SubResource( 46 ), SubResource( 47 ), SubResource( 48 ) ],
"loop": false,
"name": "Attack_W",
"speed": 5.0
}, {
"frames": [ SubResource( 49 ), SubResource( 50 ), SubResource( 51 ), SubResource( 52 ), SubResource( 53 ), SubResource( 54 ) ],
"loop": false,
"name": "Attack_N",
"speed": 5.0
}, {
"frames": [ SubResource( 55 ), SubResource( 56 ), SubResource( 57 ), SubResource( 58 ), SubResource( 59 ), SubResource( 60 ), SubResource( 61 ), SubResource( 62 ) ],
"loop": true,
"name": "Walking_W",
"speed": 10.0
} ]
