[gd_scene load_steps=18 format=2]

[ext_resource path="res://Scripts/Player/Mage.gd" type="Script" id=1]
[ext_resource path="res://Sprite_Frames/Mage.tres" type="SpriteFrames" id=2]
[ext_resource path="res://Assets/GUI/Bar_Items/New_Health_Bar_2.png" type="Texture" id=3]
[ext_resource path="res://Assets/GUI/Bar_Items/New_Bar_Border_2.png" type="Texture" id=4]

[sub_resource type="RectangleShape2D" id=1]
extents = Vector2( 10.3515, 10.5048 )

[sub_resource type="CircleShape2D" id=2]
radius = 85.5

[sub_resource type="Animation" id=3]
resource_name = "Casting_E"
length = 0.9
tracks/0/type = "value"
tracks/0/path = NodePath("AnimatedSprite:animation")
tracks/0/interp = 1
tracks/0/loop_wrap = true
tracks/0/imported = false
tracks/0/enabled = true
tracks/0/keys = {
"times": PoolRealArray( 0 ),
"transitions": PoolRealArray( 1 ),
"update": 1,
"values": [ "Casting_E" ]
}
tracks/1/type = "value"
tracks/1/path = NodePath("AnimatedSprite:frame")
tracks/1/interp = 1
tracks/1/loop_wrap = true
tracks/1/imported = false
tracks/1/enabled = true
tracks/1/keys = {
"times": PoolRealArray( 0, 0.1, 0.2, 0.3, 0.4, 0.5, 0.8 ),
"transitions": PoolRealArray( 1, 1, 1, 1, 1, 1, 1 ),
"update": 1,
"values": [ 0, 1, 2, 3, 4, 5, 8 ]
}
tracks/2/type = "value"
tracks/2/path = NodePath(".:fireball_fire_ready")
tracks/2/interp = 1
tracks/2/loop_wrap = true
tracks/2/imported = false
tracks/2/enabled = true
tracks/2/keys = {
"times": PoolRealArray( 0, 0.8 ),
"transitions": PoolRealArray( 1, 1 ),
"update": 1,
"values": [ false, true ]
}
tracks/3/type = "value"
tracks/3/path = NodePath(".:fireball_size")
tracks/3/interp = 1
tracks/3/loop_wrap = true
tracks/3/imported = false
tracks/3/enabled = true
tracks/3/keys = {
"times": PoolRealArray( 0, 0.8 ),
"transitions": PoolRealArray( 1, 1 ),
"update": 0,
"values": [ 0.0, 1.0 ]
}

[sub_resource type="Animation" id=4]
resource_name = "Casting_N"
length = 0.9
tracks/0/type = "value"
tracks/0/path = NodePath("AnimatedSprite:animation")
tracks/0/interp = 1
tracks/0/loop_wrap = true
tracks/0/imported = false
tracks/0/enabled = true
tracks/0/keys = {
"times": PoolRealArray( 0 ),
"transitions": PoolRealArray( 1 ),
"update": 1,
"values": [ "Casting_N" ]
}
tracks/1/type = "value"
tracks/1/path = NodePath("AnimatedSprite:frame")
tracks/1/interp = 1
tracks/1/loop_wrap = true
tracks/1/imported = false
tracks/1/enabled = true
tracks/1/keys = {
"times": PoolRealArray( 0, 0.1, 0.2, 0.3, 0.4, 0.5, 0.8 ),
"transitions": PoolRealArray( 1, 1, 1, 1, 1, 1, 1 ),
"update": 1,
"values": [ 0, 1, 2, 3, 4, 6, 8 ]
}
tracks/2/type = "value"
tracks/2/path = NodePath(".:fireball_size")
tracks/2/interp = 1
tracks/2/loop_wrap = true
tracks/2/imported = false
tracks/2/enabled = true
tracks/2/keys = {
"times": PoolRealArray( 0, 0.8 ),
"transitions": PoolRealArray( 1, 1 ),
"update": 0,
"values": [ 0.0, 1.0 ]
}
tracks/3/type = "value"
tracks/3/path = NodePath(".:fireball_fire_ready")
tracks/3/interp = 1
tracks/3/loop_wrap = true
tracks/3/imported = false
tracks/3/enabled = true
tracks/3/keys = {
"times": PoolRealArray( 0, 0.8 ),
"transitions": PoolRealArray( 1, 1 ),
"update": 1,
"values": [ false, true ]
}

[sub_resource type="Animation" id=5]
resource_name = "Casting_S"
length = 0.9
tracks/0/type = "value"
tracks/0/path = NodePath("AnimatedSprite:animation")
tracks/0/interp = 1
tracks/0/loop_wrap = true
tracks/0/imported = false
tracks/0/enabled = true
tracks/0/keys = {
"times": PoolRealArray( 0 ),
"transitions": PoolRealArray( 1 ),
"update": 1,
"values": [ "Casting_S" ]
}
tracks/1/type = "value"
tracks/1/path = NodePath("AnimatedSprite:frame")
tracks/1/interp = 1
tracks/1/loop_wrap = true
tracks/1/imported = false
tracks/1/enabled = true
tracks/1/keys = {
"times": PoolRealArray( 0, 0.1, 0.2, 0.3, 0.4, 0.5, 0.8 ),
"transitions": PoolRealArray( 1, 1, 1, 1, 1, 1, 1 ),
"update": 1,
"values": [ 0, 1, 2, 3, 4, 5, 8 ]
}
tracks/2/type = "value"
tracks/2/path = NodePath(".:fireball_fire_ready")
tracks/2/interp = 1
tracks/2/loop_wrap = true
tracks/2/imported = false
tracks/2/enabled = true
tracks/2/keys = {
"times": PoolRealArray( 0, 0.8 ),
"transitions": PoolRealArray( 1, 1 ),
"update": 1,
"values": [ false, true ]
}
tracks/3/type = "value"
tracks/3/path = NodePath(".:fireball_size")
tracks/3/interp = 1
tracks/3/loop_wrap = true
tracks/3/imported = false
tracks/3/enabled = true
tracks/3/keys = {
"times": PoolRealArray( 0, 0.8 ),
"transitions": PoolRealArray( 1, 1 ),
"update": 0,
"values": [ 0.0, 1.0 ]
}

[sub_resource type="Animation" id=6]
resource_name = "Casting_W"
length = 0.9
tracks/0/type = "value"
tracks/0/path = NodePath("AnimatedSprite:animation")
tracks/0/interp = 1
tracks/0/loop_wrap = true
tracks/0/imported = false
tracks/0/enabled = true
tracks/0/keys = {
"times": PoolRealArray( 0 ),
"transitions": PoolRealArray( 1 ),
"update": 1,
"values": [ "Casting_W" ]
}
tracks/1/type = "value"
tracks/1/path = NodePath("AnimatedSprite:frame")
tracks/1/interp = 1
tracks/1/loop_wrap = true
tracks/1/imported = false
tracks/1/enabled = true
tracks/1/keys = {
"times": PoolRealArray( 0, 0.1, 0.2, 0.3, 0.4, 0.5, 0.8 ),
"transitions": PoolRealArray( 1, 1, 1, 1, 1, 1, 1 ),
"update": 1,
"values": [ 0, 1, 2, 3, 4, 5, 8 ]
}
tracks/2/type = "value"
tracks/2/path = NodePath(".:fireball_fire_ready")
tracks/2/interp = 1
tracks/2/loop_wrap = true
tracks/2/imported = false
tracks/2/enabled = true
tracks/2/keys = {
"times": PoolRealArray( 0, 0.8 ),
"transitions": PoolRealArray( 1, 1 ),
"update": 1,
"values": [ false, true ]
}
tracks/3/type = "value"
tracks/3/path = NodePath(".:fireball_size")
tracks/3/interp = 1
tracks/3/loop_wrap = true
tracks/3/imported = false
tracks/3/enabled = true
tracks/3/keys = {
"times": PoolRealArray( 0, 0.8 ),
"transitions": PoolRealArray( 1, 1 ),
"update": 0,
"values": [ 0.0, 1.0 ]
}

[sub_resource type="Animation" id=7]
resource_name = "Death"
length = 1.2
step = 0.2
tracks/0/type = "value"
tracks/0/path = NodePath("AnimatedSprite:animation")
tracks/0/interp = 1
tracks/0/loop_wrap = true
tracks/0/imported = false
tracks/0/enabled = true
tracks/0/keys = {
"times": PoolRealArray( 0 ),
"transitions": PoolRealArray( 1 ),
"update": 1,
"values": [ "Death" ]
}
tracks/1/type = "value"
tracks/1/path = NodePath("AnimatedSprite:frame")
tracks/1/interp = 1
tracks/1/loop_wrap = true
tracks/1/imported = false
tracks/1/enabled = true
tracks/1/keys = {
"times": PoolRealArray( 0, 0.2, 0.4, 0.6, 0.8, 1 ),
"transitions": PoolRealArray( 1, 1, 1, 1, 1, 1 ),
"update": 1,
"values": [ 0, 1, 2, 3, 4, 5 ]
}

[sub_resource type="Animation" id=8]
resource_name = "Walking_E"
length = 0.8
loop = true
tracks/0/type = "value"
tracks/0/path = NodePath("AnimatedSprite:animation")
tracks/0/interp = 1
tracks/0/loop_wrap = true
tracks/0/imported = false
tracks/0/enabled = true
tracks/0/keys = {
"times": PoolRealArray( 0 ),
"transitions": PoolRealArray( 1 ),
"update": 1,
"values": [ "Walking_E" ]
}
tracks/1/type = "value"
tracks/1/path = NodePath("AnimatedSprite:frame")
tracks/1/interp = 1
tracks/1/loop_wrap = true
tracks/1/imported = false
tracks/1/enabled = true
tracks/1/keys = {
"times": PoolRealArray( 0, 0.1, 0.2, 0.3, 0.4, 0.5, 0.6, 0.7 ),
"transitions": PoolRealArray( 1, 1, 1, 1, 1, 1, 1, 1 ),
"update": 1,
"values": [ 0, 1, 2, 3, 4, 5, 6, 7 ]
}

[sub_resource type="Animation" id=9]
resource_name = "Walking_N"
length = 0.8
loop = true
tracks/0/type = "value"
tracks/0/path = NodePath("AnimatedSprite:animation")
tracks/0/interp = 1
tracks/0/loop_wrap = true
tracks/0/imported = false
tracks/0/enabled = true
tracks/0/keys = {
"times": PoolRealArray( 0 ),
"transitions": PoolRealArray( 1 ),
"update": 1,
"values": [ "Walking_N" ]
}
tracks/1/type = "value"
tracks/1/path = NodePath("AnimatedSprite:frame")
tracks/1/interp = 1
tracks/1/loop_wrap = true
tracks/1/imported = false
tracks/1/enabled = true
tracks/1/keys = {
"times": PoolRealArray( 0, 0.1, 0.2, 0.3, 0.4, 0.5, 0.6, 0.7 ),
"transitions": PoolRealArray( 1, 1, 1, 1, 1, 1, 1, 1 ),
"update": 1,
"values": [ 0, 1, 2, 3, 4, 5, 6, 7 ]
}

[sub_resource type="Animation" id=10]
resource_name = "Walking_S"
length = 0.8
loop = true
tracks/0/type = "value"
tracks/0/path = NodePath("AnimatedSprite:animation")
tracks/0/interp = 1
tracks/0/loop_wrap = true
tracks/0/imported = false
tracks/0/enabled = true
tracks/0/keys = {
"times": PoolRealArray( 0 ),
"transitions": PoolRealArray( 1 ),
"update": 1,
"values": [ "Walking_S" ]
}
tracks/1/type = "value"
tracks/1/path = NodePath("AnimatedSprite:frame")
tracks/1/interp = 1
tracks/1/loop_wrap = true
tracks/1/imported = false
tracks/1/enabled = true
tracks/1/keys = {
"times": PoolRealArray( 0, 0.1, 0.2, 0.3, 0.4, 0.5, 0.6, 0.7 ),
"transitions": PoolRealArray( 1, 1, 1, 1, 1, 1, 1, 1 ),
"update": 1,
"values": [ 0, 1, 2, 3, 4, 5, 6, 7 ]
}

[sub_resource type="Animation" id=11]
resource_name = "Walking_W"
length = 0.8
loop = true
tracks/0/type = "value"
tracks/0/path = NodePath("AnimatedSprite:animation")
tracks/0/interp = 1
tracks/0/loop_wrap = true
tracks/0/imported = false
tracks/0/enabled = true
tracks/0/keys = {
"times": PoolRealArray( 0 ),
"transitions": PoolRealArray( 1 ),
"update": 1,
"values": [ "Walking_W" ]
}
tracks/1/type = "value"
tracks/1/path = NodePath("AnimatedSprite:frame")
tracks/1/interp = 1
tracks/1/loop_wrap = true
tracks/1/imported = false
tracks/1/enabled = true
tracks/1/keys = {
"times": PoolRealArray( 0, 0.1, 0.2, 0.3, 0.4, 0.5, 0.6, 0.7 ),
"transitions": PoolRealArray( 1, 1, 1, 1, 1, 1, 1, 1 ),
"update": 1,
"values": [ 0, 1, 2, 3, 4, 5, 6, 7 ]
}

[sub_resource type="CircleShape2D" id=12]
radius = 277.035

[sub_resource type="RectangleShape2D" id=13]

[node name="Mage" type="KinematicBody2D" groups=[
"Soldier",
]]
collision_layer = 8
collision_mask = 15
script = ExtResource( 1 )

[node name="CollisionShape2D" type="CollisionShape2D" parent="."]
visible = false
position = Vector2( 0.174698, 11.5948 )
shape = SubResource( 1 )
disabled = true

[node name="AnimatedSprite" type="AnimatedSprite" parent="."]
position = Vector2( 0, -10 )
frames = ExtResource( 2 )
animation = "Casting_E"
frame = 9
playing = true

[node name="Awareness" type="Area2D" parent="." groups=[
"Soldier",
]]
collision_layer = 32
collision_mask = 37

[node name="CollisionShape2D" type="CollisionShape2D" parent="Awareness"]
shape = SubResource( 2 )

[node name="AnimationPlayer" type="AnimationPlayer" parent="."]
anims/Casting_E = SubResource( 3 )
anims/Casting_N = SubResource( 4 )
anims/Casting_S = SubResource( 5 )
anims/Casting_W = SubResource( 6 )
anims/Death = SubResource( 7 )
anims/Walking_E = SubResource( 8 )
anims/Walking_N = SubResource( 9 )
anims/Walking_S = SubResource( 10 )
anims/Walking_W = SubResource( 11 )

[node name="HealthBar" type="TextureProgress" parent="."]
margin_left = -20.332
margin_top = -33.0756
margin_right = 177.668
margin_bottom = 6.92439
rect_scale = Vector2( 0.2, 0.2 )
value = 50.0
texture_under = ExtResource( 3 )
texture_over = ExtResource( 4 )
texture_progress = ExtResource( 3 )
tint_under = Color( 0.243137, 0.243137, 0.243137, 0.286275 )
tint_progress = Color( 0.494118, 0.0117647, 0.0117647, 1 )
__meta__ = {
"_edit_use_anchors_": false
}

[node name="AttackRange" type="Area2D" parent="."]
collision_layer = 0
collision_mask = 4

[node name="CollisionShape2D" type="CollisionShape2D" parent="AttackRange"]
visible = false
shape = SubResource( 12 )

[node name="HitBox" type="Area2D" parent="." groups=[
"Soldier",
]]
visible = false
collision_layer = 8
collision_mask = 0

[node name="CollisionShape2D" type="CollisionShape2D" parent="HitBox"]
position = Vector2( -0.353546, 10.2531 )
shape = SubResource( 13 )
[connection signal="area_entered" from="Awareness" to="." method="_on_Awareness_area_entered"]
[connection signal="area_exited" from="Awareness" to="." method="_on_Awareness_area_exited"]
[connection signal="animation_finished" from="AnimationPlayer" to="." method="_on_AnimationPlayer_animation_finished"]
[connection signal="area_entered" from="AttackRange" to="." method="_on_AttackRange_area_entered"]
