[gd_scene load_steps=120 format=2]

[ext_resource path="res://Assets/Players/Main_Character/Hunter/Main_Character_Hunter_tileset1.png" type="Texture" id=1]
[ext_resource path="res://Scripts/Player/PlayerMovement.gd" type="Script" id=2]
[ext_resource path="res://Assets/Players/Main_Character/Hunter/Main_Character_Hunter_tileset2.png" type="Texture" id=3]
[ext_resource path="res://Assets/Players/Main_Character/Utitility/LvlUpArrow.png" type="Texture" id=4]
[ext_resource path="res://Assets/GUI/Utility/Background_pure_black.png" type="Texture" id=5]
[ext_resource path="res://Shaders/StoneEffekt.tres" type="Material" id=6]

[sub_resource type="RectangleShape2D" id=1]
extents = Vector2( 8.56657, 17.2263 )

[sub_resource type="AtlasTexture" id=2]
flags = 4
atlas = ExtResource( 1 )
region = Rect2( 0, 1280, 64, 64 )

[sub_resource type="AtlasTexture" id=3]
flags = 4
atlas = ExtResource( 1 )
region = Rect2( 64, 1280, 64, 64 )

[sub_resource type="AtlasTexture" id=4]
flags = 4
atlas = ExtResource( 1 )
region = Rect2( 128, 1280, 64, 64 )

[sub_resource type="AtlasTexture" id=5]
flags = 4
atlas = ExtResource( 1 )
region = Rect2( 192, 1280, 64, 64 )

[sub_resource type="AtlasTexture" id=6]
flags = 4
atlas = ExtResource( 1 )
region = Rect2( 256, 1280, 64, 64 )

[sub_resource type="AtlasTexture" id=7]
flags = 4
atlas = ExtResource( 1 )
region = Rect2( 320, 1280, 64, 64 )

[sub_resource type="AtlasTexture" id=8]
flags = 4
atlas = ExtResource( 3 )
region = Rect2( 0, 192, 192, 192 )

[sub_resource type="AtlasTexture" id=9]
flags = 4
atlas = ExtResource( 3 )
region = Rect2( 192, 192, 192, 192 )

[sub_resource type="AtlasTexture" id=10]
flags = 4
atlas = ExtResource( 3 )
region = Rect2( 384, 192, 192, 192 )

[sub_resource type="AtlasTexture" id=11]
flags = 4
atlas = ExtResource( 3 )
region = Rect2( 576, 192, 192, 192 )

[sub_resource type="AtlasTexture" id=12]
flags = 4
atlas = ExtResource( 3 )
region = Rect2( 768, 192, 192, 192 )

[sub_resource type="AtlasTexture" id=13]
flags = 4
atlas = ExtResource( 3 )
region = Rect2( 960, 192, 192, 192 )

[sub_resource type="AtlasTexture" id=14]
flags = 4
atlas = ExtResource( 1 )
region = Rect2( 64, 640, 64, 64 )

[sub_resource type="AtlasTexture" id=15]
flags = 4
atlas = ExtResource( 1 )
region = Rect2( 128, 640, 64, 64 )

[sub_resource type="AtlasTexture" id=16]
flags = 4
atlas = ExtResource( 1 )
region = Rect2( 192, 640, 64, 64 )

[sub_resource type="AtlasTexture" id=17]
flags = 4
atlas = ExtResource( 1 )
region = Rect2( 256, 640, 64, 64 )

[sub_resource type="AtlasTexture" id=18]
flags = 4
atlas = ExtResource( 1 )
region = Rect2( 320, 640, 64, 64 )

[sub_resource type="AtlasTexture" id=19]
flags = 4
atlas = ExtResource( 1 )
region = Rect2( 384, 640, 64, 64 )

[sub_resource type="AtlasTexture" id=20]
flags = 4
atlas = ExtResource( 1 )
region = Rect2( 448, 640, 64, 64 )

[sub_resource type="AtlasTexture" id=21]
flags = 4
atlas = ExtResource( 1 )
region = Rect2( 512, 640, 64, 64 )

[sub_resource type="AtlasTexture" id=22]
flags = 4
atlas = ExtResource( 1 )
region = Rect2( 192, 576, 64, 64 )

[sub_resource type="AtlasTexture" id=23]
flags = 4
atlas = ExtResource( 1 )
region = Rect2( 256, 576, 64, 64 )

[sub_resource type="AtlasTexture" id=24]
flags = 4
atlas = ExtResource( 1 )
region = Rect2( 320, 576, 64, 64 )

[sub_resource type="AtlasTexture" id=25]
flags = 4
atlas = ExtResource( 1 )
region = Rect2( 384, 576, 64, 64 )

[sub_resource type="AtlasTexture" id=26]
flags = 4
atlas = ExtResource( 1 )
region = Rect2( 448, 576, 64, 64 )

[sub_resource type="AtlasTexture" id=27]
flags = 4
atlas = ExtResource( 1 )
region = Rect2( 512, 576, 64, 64 )

[sub_resource type="AtlasTexture" id=28]
flags = 4
atlas = ExtResource( 1 )
region = Rect2( 64, 576, 64, 64 )

[sub_resource type="AtlasTexture" id=29]
flags = 4
atlas = ExtResource( 1 )
region = Rect2( 128, 576, 64, 64 )

[sub_resource type="AtlasTexture" id=30]
flags = 4
atlas = ExtResource( 3 )
region = Rect2( 0, 0, 192, 192 )

[sub_resource type="AtlasTexture" id=31]
flags = 4
atlas = ExtResource( 3 )
region = Rect2( 192, 0, 192, 192 )

[sub_resource type="AtlasTexture" id=32]
flags = 4
atlas = ExtResource( 3 )
region = Rect2( 384, 0, 192, 192 )

[sub_resource type="AtlasTexture" id=33]
flags = 4
atlas = ExtResource( 3 )
region = Rect2( 576, 0, 192, 192 )

[sub_resource type="AtlasTexture" id=34]
flags = 4
atlas = ExtResource( 3 )
region = Rect2( 768, 0, 192, 192 )

[sub_resource type="AtlasTexture" id=35]
flags = 4
atlas = ExtResource( 3 )
region = Rect2( 960, 0, 192, 192 )

[sub_resource type="AtlasTexture" id=36]
flags = 4
atlas = ExtResource( 3 )
region = Rect2( 0, 384, 192, 192 )

[sub_resource type="AtlasTexture" id=37]
flags = 4
atlas = ExtResource( 3 )
region = Rect2( 192, 384, 192, 192 )

[sub_resource type="AtlasTexture" id=38]
flags = 4
atlas = ExtResource( 3 )
region = Rect2( 384, 384, 192, 192 )

[sub_resource type="AtlasTexture" id=39]
flags = 4
atlas = ExtResource( 3 )
region = Rect2( 576, 384, 192, 192 )

[sub_resource type="AtlasTexture" id=40]
flags = 4
atlas = ExtResource( 3 )
region = Rect2( 768, 384, 192, 192 )

[sub_resource type="AtlasTexture" id=41]
flags = 4
atlas = ExtResource( 3 )
region = Rect2( 960, 384, 192, 192 )

[sub_resource type="AtlasTexture" id=42]
flags = 4
atlas = ExtResource( 3 )
region = Rect2( 0, 576, 192, 192 )

[sub_resource type="AtlasTexture" id=43]
flags = 4
atlas = ExtResource( 3 )
region = Rect2( 192, 576, 192, 192 )

[sub_resource type="AtlasTexture" id=44]
flags = 4
atlas = ExtResource( 3 )
region = Rect2( 384, 576, 192, 192 )

[sub_resource type="AtlasTexture" id=45]
flags = 4
atlas = ExtResource( 3 )
region = Rect2( 576, 576, 192, 192 )

[sub_resource type="AtlasTexture" id=46]
flags = 4
atlas = ExtResource( 3 )
region = Rect2( 768, 576, 192, 192 )

[sub_resource type="AtlasTexture" id=47]
flags = 4
atlas = ExtResource( 3 )
region = Rect2( 960, 576, 192, 192 )

[sub_resource type="AtlasTexture" id=48]
flags = 4
atlas = ExtResource( 1 )
region = Rect2( 192, 704, 64, 64 )

[sub_resource type="AtlasTexture" id=49]
flags = 4
atlas = ExtResource( 1 )
region = Rect2( 256, 704, 64, 64 )

[sub_resource type="AtlasTexture" id=50]
flags = 4
atlas = ExtResource( 1 )
region = Rect2( 320, 704, 64, 64 )

[sub_resource type="AtlasTexture" id=51]
flags = 4
atlas = ExtResource( 1 )
region = Rect2( 384, 704, 64, 64 )

[sub_resource type="AtlasTexture" id=52]
flags = 4
atlas = ExtResource( 1 )
region = Rect2( 448, 704, 64, 64 )

[sub_resource type="AtlasTexture" id=53]
flags = 4
atlas = ExtResource( 1 )
region = Rect2( 512, 704, 64, 64 )

[sub_resource type="AtlasTexture" id=54]
flags = 4
atlas = ExtResource( 1 )
region = Rect2( 64, 704, 64, 64 )

[sub_resource type="AtlasTexture" id=55]
flags = 4
atlas = ExtResource( 1 )
region = Rect2( 128, 704, 64, 64 )

[sub_resource type="AtlasTexture" id=56]
flags = 4
atlas = ExtResource( 1 )
region = Rect2( 64, 512, 64, 64 )

[sub_resource type="AtlasTexture" id=57]
flags = 4
atlas = ExtResource( 1 )
region = Rect2( 128, 512, 64, 64 )

[sub_resource type="AtlasTexture" id=58]
flags = 4
atlas = ExtResource( 1 )
region = Rect2( 192, 512, 64, 64 )

[sub_resource type="AtlasTexture" id=59]
flags = 4
atlas = ExtResource( 1 )
region = Rect2( 256, 512, 64, 64 )

[sub_resource type="AtlasTexture" id=60]
flags = 4
atlas = ExtResource( 1 )
region = Rect2( 320, 512, 64, 64 )

[sub_resource type="AtlasTexture" id=61]
flags = 4
atlas = ExtResource( 1 )
region = Rect2( 384, 512, 64, 64 )

[sub_resource type="AtlasTexture" id=62]
flags = 4
atlas = ExtResource( 1 )
region = Rect2( 448, 512, 64, 64 )

[sub_resource type="AtlasTexture" id=63]
flags = 4
atlas = ExtResource( 1 )
region = Rect2( 512, 512, 64, 64 )

[sub_resource type="AtlasTexture" id=64]
flags = 4
atlas = ExtResource( 1 )
region = Rect2( 0, 128, 64, 64 )

[sub_resource type="AtlasTexture" id=65]
flags = 4
atlas = ExtResource( 1 )
region = Rect2( 64, 128, 64, 64 )

[sub_resource type="AtlasTexture" id=66]
flags = 4
atlas = ExtResource( 1 )
region = Rect2( 128, 128, 64, 64 )

[sub_resource type="AtlasTexture" id=67]
flags = 4
atlas = ExtResource( 1 )
region = Rect2( 192, 128, 64, 64 )

[sub_resource type="AtlasTexture" id=68]
flags = 4
atlas = ExtResource( 1 )
region = Rect2( 256, 128, 64, 64 )

[sub_resource type="AtlasTexture" id=69]
flags = 4
atlas = ExtResource( 1 )
region = Rect2( 320, 128, 64, 64 )

[sub_resource type="AtlasTexture" id=70]
flags = 4
atlas = ExtResource( 1 )
region = Rect2( 384, 128, 64, 64 )

[sub_resource type="AtlasTexture" id=71]
flags = 4
atlas = ExtResource( 1 )
region = Rect2( 0, 64, 64, 64 )

[sub_resource type="AtlasTexture" id=72]
flags = 4
atlas = ExtResource( 1 )
region = Rect2( 64, 64, 64, 64 )

[sub_resource type="AtlasTexture" id=73]
flags = 4
atlas = ExtResource( 1 )
region = Rect2( 128, 64, 64, 64 )

[sub_resource type="AtlasTexture" id=74]
flags = 4
atlas = ExtResource( 1 )
region = Rect2( 192, 64, 64, 64 )

[sub_resource type="AtlasTexture" id=75]
flags = 4
atlas = ExtResource( 1 )
region = Rect2( 256, 64, 64, 64 )

[sub_resource type="AtlasTexture" id=76]
flags = 4
atlas = ExtResource( 1 )
region = Rect2( 320, 64, 64, 64 )

[sub_resource type="AtlasTexture" id=77]
flags = 4
atlas = ExtResource( 1 )
region = Rect2( 384, 64, 64, 64 )

[sub_resource type="AtlasTexture" id=78]
flags = 4
atlas = ExtResource( 1 )
region = Rect2( 0, 0, 64, 64 )

[sub_resource type="AtlasTexture" id=79]
flags = 4
atlas = ExtResource( 1 )
region = Rect2( 64, 0, 64, 64 )

[sub_resource type="AtlasTexture" id=80]
flags = 4
atlas = ExtResource( 1 )
region = Rect2( 128, 0, 64, 64 )

[sub_resource type="AtlasTexture" id=81]
flags = 4
atlas = ExtResource( 1 )
region = Rect2( 192, 0, 64, 64 )

[sub_resource type="AtlasTexture" id=82]
flags = 4
atlas = ExtResource( 1 )
region = Rect2( 256, 0, 64, 64 )

[sub_resource type="AtlasTexture" id=83]
flags = 4
atlas = ExtResource( 1 )
region = Rect2( 320, 0, 64, 64 )

[sub_resource type="AtlasTexture" id=84]
flags = 4
atlas = ExtResource( 1 )
region = Rect2( 384, 0, 64, 64 )

[sub_resource type="AtlasTexture" id=85]
flags = 4
atlas = ExtResource( 1 )
region = Rect2( 0, 192, 64, 64 )

[sub_resource type="AtlasTexture" id=86]
flags = 4
atlas = ExtResource( 1 )
region = Rect2( 64, 192, 64, 64 )

[sub_resource type="AtlasTexture" id=87]
flags = 4
atlas = ExtResource( 1 )
region = Rect2( 128, 192, 64, 64 )

[sub_resource type="AtlasTexture" id=88]
flags = 4
atlas = ExtResource( 1 )
region = Rect2( 192, 192, 64, 64 )

[sub_resource type="AtlasTexture" id=89]
flags = 4
atlas = ExtResource( 1 )
region = Rect2( 256, 192, 64, 64 )

[sub_resource type="AtlasTexture" id=90]
flags = 4
atlas = ExtResource( 1 )
region = Rect2( 320, 192, 64, 64 )

[sub_resource type="AtlasTexture" id=91]
flags = 4
atlas = ExtResource( 1 )
region = Rect2( 384, 192, 64, 64 )

[sub_resource type="AtlasTexture" id=92]
flags = 4
atlas = ExtResource( 1 )
region = Rect2( 0, 896, 64, 64 )

[sub_resource type="AtlasTexture" id=93]
flags = 4
atlas = ExtResource( 1 )
region = Rect2( 64, 896, 64, 64 )

[sub_resource type="AtlasTexture" id=94]
flags = 4
atlas = ExtResource( 1 )
region = Rect2( 128, 896, 64, 64 )

[sub_resource type="AtlasTexture" id=95]
flags = 4
atlas = ExtResource( 1 )
region = Rect2( 64, 896, 64, 64 )

[sub_resource type="SpriteFrames" id=96]
animations = [ {
"frames": [ SubResource( 2 ), SubResource( 3 ), SubResource( 4 ), SubResource( 5 ), SubResource( 6 ), SubResource( 7 ) ],
"loop": true,
"name": "Death",
"speed": 5.0
}, {
"frames": [ SubResource( 8 ), SubResource( 9 ), SubResource( 10 ), SubResource( 11 ), SubResource( 12 ), SubResource( 13 ) ],
"loop": true,
"name": "Attack_W",
"speed": 10.0
}, {
"frames": [ SubResource( 14 ), SubResource( 15 ), SubResource( 16 ), SubResource( 17 ), SubResource( 18 ), SubResource( 19 ), SubResource( 20 ), SubResource( 21 ) ],
"loop": true,
"name": "Walking_S",
"speed": 10.0
}, {
"frames": [ SubResource( 22 ), SubResource( 23 ), SubResource( 24 ), SubResource( 25 ), SubResource( 26 ), SubResource( 27 ), SubResource( 28 ), SubResource( 29 ) ],
"loop": true,
"name": "Walking_W",
"speed": 10.0
}, {
"frames": [ SubResource( 30 ), SubResource( 31 ), SubResource( 32 ), SubResource( 33 ), SubResource( 34 ), SubResource( 35 ) ],
"loop": true,
"name": "Attack_N",
"speed": 10.0
}, {
"frames": [ SubResource( 36 ), SubResource( 37 ), SubResource( 38 ), SubResource( 39 ), SubResource( 40 ), SubResource( 41 ) ],
"loop": true,
"name": "Attack_S",
"speed": 10.0
}, {
"frames": [ SubResource( 42 ), SubResource( 43 ), SubResource( 44 ), SubResource( 45 ), SubResource( 46 ), SubResource( 47 ) ],
"loop": true,
"name": "Attack_E",
"speed": 10.0
}, {
"frames": [ SubResource( 48 ), SubResource( 49 ), SubResource( 50 ), SubResource( 51 ), SubResource( 52 ), SubResource( 53 ), SubResource( 54 ), SubResource( 55 ) ],
"loop": true,
"name": "Walking_E",
"speed": 10.0
}, {
"frames": [ SubResource( 56 ), SubResource( 57 ), SubResource( 58 ), SubResource( 59 ), SubResource( 60 ), SubResource( 61 ), SubResource( 62 ), SubResource( 63 ) ],
"loop": true,
"name": "Walking_N",
"speed": 10.0
}, {
"frames": [ SubResource( 64 ), SubResource( 65 ), SubResource( 66 ), SubResource( 67 ), SubResource( 68 ), SubResource( 69 ), SubResource( 70 ) ],
"loop": false,
"name": "Casting_S",
"speed": 5.0
}, {
"frames": [ SubResource( 71 ), SubResource( 72 ), SubResource( 73 ), SubResource( 74 ), SubResource( 75 ), SubResource( 76 ), SubResource( 77 ) ],
"loop": false,
"name": "Casting_W",
"speed": 5.0
}, {
"frames": [ SubResource( 78 ), SubResource( 79 ), SubResource( 80 ), SubResource( 81 ), SubResource( 82 ), SubResource( 83 ), SubResource( 84 ) ],
"loop": false,
"name": "Casting_N",
"speed": 5.0
}, {
"frames": [ SubResource( 85 ), SubResource( 86 ), SubResource( 87 ), SubResource( 88 ), SubResource( 89 ), SubResource( 90 ), SubResource( 91 ) ],
"loop": false,
"name": "Casting_E",
"speed": 5.0
}, {
"frames": [ SubResource( 92 ), SubResource( 93 ), SubResource( 94 ), SubResource( 95 ) ],
"loop": true,
"name": "Idle_S",
"speed": 5.0
} ]

[sub_resource type="RectangleShape2D" id=97]
extents = Vector2( 41.389, 40.8832 )

[sub_resource type="RectangleShape2D" id=98]
extents = Vector2( 28.4248, 40.7752 )

[sub_resource type="RectangleShape2D" id=99]
extents = Vector2( 46.4948, 40.8832 )

[sub_resource type="ParticlesMaterial" id=100]
lifetime_randomness = 0.45
emission_shape = 1
emission_sphere_radius = 33.85
flag_disable_z = true
gravity = Vector3( 0, -98, 0 )
orbit_velocity = 0.0
orbit_velocity_random = 1.0
scale = 0.06
scale_random = 0.04

[sub_resource type="Animation" id=101]
length = 0.3
step = 0.05
tracks/0/type = "value"
tracks/0/path = NodePath("AnimatedSprite:animation")
tracks/0/interp = 1
tracks/0/loop_wrap = true
tracks/0/imported = false
tracks/0/enabled = true
tracks/0/keys = {
"times": PoolRealArray( 0 ),
"transitions": PoolRealArray( 1 ),
"update": 1,
"values": [ "Attack_E" ]
}
tracks/1/type = "value"
tracks/1/path = NodePath("AnimatedSprite:frame")
tracks/1/interp = 1
tracks/1/loop_wrap = true
tracks/1/imported = false
tracks/1/enabled = true
tracks/1/keys = {
"times": PoolRealArray( 0, 0.05, 0.1, 0.15, 0.2, 0.25 ),
"transitions": PoolRealArray( 1, 1, 1, 1, 1, 1 ),
"update": 1,
"values": [ 0, 1, 2, 3, 4, 5 ]
}
tracks/2/type = "value"
tracks/2/path = NodePath("AttackAreaEast/AttackEast:disabled")
tracks/2/interp = 1
tracks/2/loop_wrap = true
tracks/2/imported = false
tracks/2/enabled = true
tracks/2/keys = {
"times": PoolRealArray( 0.15, 0.25 ),
"transitions": PoolRealArray( 1, 1 ),
"update": 1,
"values": [ false, true ]
}

[sub_resource type="Animation" id=102]
length = 0.3
step = 0.05
tracks/0/type = "value"
tracks/0/path = NodePath("AnimatedSprite:animation")
tracks/0/interp = 1
tracks/0/loop_wrap = true
tracks/0/imported = false
tracks/0/enabled = true
tracks/0/keys = {
"times": PoolRealArray( 0 ),
"transitions": PoolRealArray( 1 ),
"update": 1,
"values": [ "Attack_N" ]
}
tracks/1/type = "value"
tracks/1/path = NodePath("AnimatedSprite:frame")
tracks/1/interp = 1
tracks/1/loop_wrap = true
tracks/1/imported = false
tracks/1/enabled = true
tracks/1/keys = {
"times": PoolRealArray( 0, 0.05, 0.1, 0.15, 0.2, 0.25 ),
"transitions": PoolRealArray( 1, 1, 1, 1, 1, 1 ),
"update": 1,
"values": [ 0, 1, 2, 3, 4, 5 ]
}
tracks/2/type = "value"
tracks/2/path = NodePath("AttackAreaNorth/AttackNorth:disabled")
tracks/2/interp = 1
tracks/2/loop_wrap = true
tracks/2/imported = false
tracks/2/enabled = true
tracks/2/keys = {
"times": PoolRealArray( 0.15, 0.25 ),
"transitions": PoolRealArray( 1, 1 ),
"update": 1,
"values": [ false, true ]
}

[sub_resource type="Animation" id=103]
length = 0.3
step = 0.05
tracks/0/type = "value"
tracks/0/path = NodePath("AnimatedSprite:animation")
tracks/0/interp = 1
tracks/0/loop_wrap = true
tracks/0/imported = false
tracks/0/enabled = true
tracks/0/keys = {
"times": PoolRealArray( 0 ),
"transitions": PoolRealArray( 1 ),
"update": 1,
"values": [ "Attack_S" ]
}
tracks/1/type = "value"
tracks/1/path = NodePath("AnimatedSprite:frame")
tracks/1/interp = 1
tracks/1/loop_wrap = true
tracks/1/imported = false
tracks/1/enabled = true
tracks/1/keys = {
"times": PoolRealArray( 0, 0.05, 0.1, 0.15, 0.2, 0.25 ),
"transitions": PoolRealArray( 1, 1, 1, 1, 1, 1 ),
"update": 1,
"values": [ 0, 1, 2, 3, 4, 5 ]
}
tracks/2/type = "value"
tracks/2/path = NodePath("AttackAreaSouth/AttackSouth:disabled")
tracks/2/interp = 1
tracks/2/loop_wrap = true
tracks/2/imported = false
tracks/2/enabled = true
tracks/2/keys = {
"times": PoolRealArray( 0.15, 0.25 ),
"transitions": PoolRealArray( 1, 1 ),
"update": 1,
"values": [ false, true ]
}

[sub_resource type="Animation" id=104]
length = 0.3
step = 0.05
tracks/0/type = "value"
tracks/0/path = NodePath("AnimatedSprite:animation")
tracks/0/interp = 1
tracks/0/loop_wrap = true
tracks/0/imported = false
tracks/0/enabled = true
tracks/0/keys = {
"times": PoolRealArray( 0 ),
"transitions": PoolRealArray( 1 ),
"update": 1,
"values": [ "Attack_W" ]
}
tracks/1/type = "value"
tracks/1/path = NodePath("AnimatedSprite:frame")
tracks/1/interp = 1
tracks/1/loop_wrap = true
tracks/1/imported = false
tracks/1/enabled = true
tracks/1/keys = {
"times": PoolRealArray( 0, 0.05, 0.1, 0.15, 0.2, 0.25 ),
"transitions": PoolRealArray( 1, 1, 1, 1, 1, 1 ),
"update": 1,
"values": [ 0, 1, 2, 3, 4, 5 ]
}
tracks/2/type = "value"
tracks/2/path = NodePath("AttackAreaWest/AttackWest:disabled")
tracks/2/interp = 1
tracks/2/loop_wrap = true
tracks/2/imported = false
tracks/2/enabled = true
tracks/2/keys = {
"times": PoolRealArray( 0.15, 0.25 ),
"transitions": PoolRealArray( 1, 1 ),
"update": 1,
"values": [ false, true ]
}

[sub_resource type="Animation" id=105]
tracks/0/type = "value"
tracks/0/path = NodePath("AnimatedSprite:animation")
tracks/0/interp = 1
tracks/0/loop_wrap = true
tracks/0/imported = false
tracks/0/enabled = true
tracks/0/keys = {
"times": PoolRealArray( 0 ),
"transitions": PoolRealArray( 1 ),
"update": 1,
"values": [ "Casting_E" ]
}
tracks/1/type = "value"
tracks/1/path = NodePath("AnimatedSprite:frame")
tracks/1/interp = 1
tracks/1/loop_wrap = true
tracks/1/imported = false
tracks/1/enabled = true
tracks/1/keys = {
"times": PoolRealArray( 0, 0.1, 0.2, 0.3, 0.4, 0.5, 0.8, 0.9 ),
"transitions": PoolRealArray( 1, 1, 1, 1, 1, 1, 1, 1 ),
"update": 1,
"values": [ 0, 1, 2, 3, 4, 5, 6, 1 ]
}
tracks/2/type = "value"
tracks/2/path = NodePath(".:casting_finished")
tracks/2/interp = 1
tracks/2/loop_wrap = true
tracks/2/imported = false
tracks/2/enabled = true
tracks/2/keys = {
"times": PoolRealArray( 0, 0.6 ),
"transitions": PoolRealArray( 1, 1 ),
"update": 1,
"values": [ false, true ]
}

[sub_resource type="Animation" id=106]
tracks/0/type = "value"
tracks/0/path = NodePath("AnimatedSprite:animation")
tracks/0/interp = 1
tracks/0/loop_wrap = true
tracks/0/imported = false
tracks/0/enabled = true
tracks/0/keys = {
"times": PoolRealArray( 0 ),
"transitions": PoolRealArray( 1 ),
"update": 1,
"values": [ "Casting_N" ]
}
tracks/1/type = "value"
tracks/1/path = NodePath("AnimatedSprite:frame")
tracks/1/interp = 1
tracks/1/loop_wrap = true
tracks/1/imported = false
tracks/1/enabled = true
tracks/1/keys = {
"times": PoolRealArray( 0, 0.1, 0.2, 0.3, 0.4, 0.5, 0.8, 0.9 ),
"transitions": PoolRealArray( 1, 1, 1, 1, 1, 1, 1, 1 ),
"update": 1,
"values": [ 0, 1, 2, 3, 4, 5, 6, 1 ]
}
tracks/2/type = "value"
tracks/2/path = NodePath(".:casting_finished")
tracks/2/interp = 1
tracks/2/loop_wrap = true
tracks/2/imported = false
tracks/2/enabled = true
tracks/2/keys = {
"times": PoolRealArray( 0, 0.6 ),
"transitions": PoolRealArray( 1, 1 ),
"update": 1,
"values": [ false, true ]
}

[sub_resource type="Animation" id=107]
tracks/0/type = "value"
tracks/0/path = NodePath("AnimatedSprite:animation")
tracks/0/interp = 1
tracks/0/loop_wrap = true
tracks/0/imported = false
tracks/0/enabled = true
tracks/0/keys = {
"times": PoolRealArray( 0 ),
"transitions": PoolRealArray( 1 ),
"update": 1,
"values": [ "Casting_S" ]
}
tracks/1/type = "value"
tracks/1/path = NodePath("AnimatedSprite:frame")
tracks/1/interp = 1
tracks/1/loop_wrap = true
tracks/1/imported = false
tracks/1/enabled = true
tracks/1/keys = {
"times": PoolRealArray( 0, 0.1, 0.2, 0.3, 0.4, 0.5, 0.7, 0.8, 0.9 ),
"transitions": PoolRealArray( 1, 1, 1, 1, 1, 1, 1, 1, 1 ),
"update": 1,
"values": [ 0, 1, 2, 3, 4, 5, 4, 6, 0 ]
}
tracks/2/type = "value"
tracks/2/path = NodePath(".:casting_finished")
tracks/2/interp = 1
tracks/2/loop_wrap = true
tracks/2/imported = false
tracks/2/enabled = true
tracks/2/keys = {
"times": PoolRealArray( 0, 0.6 ),
"transitions": PoolRealArray( 1, 1 ),
"update": 1,
"values": [ false, true ]
}

[sub_resource type="Animation" id=108]
tracks/0/type = "value"
tracks/0/path = NodePath("AnimatedSprite:animation")
tracks/0/interp = 1
tracks/0/loop_wrap = true
tracks/0/imported = false
tracks/0/enabled = true
tracks/0/keys = {
"times": PoolRealArray( 0 ),
"transitions": PoolRealArray( 1 ),
"update": 1,
"values": [ "Casting_W" ]
}
tracks/1/type = "value"
tracks/1/path = NodePath("AnimatedSprite:frame")
tracks/1/interp = 1
tracks/1/loop_wrap = true
tracks/1/imported = false
tracks/1/enabled = true
tracks/1/keys = {
"times": PoolRealArray( 0, 0.1, 0.2, 0.3, 0.4, 0.5, 0.8, 0.9 ),
"transitions": PoolRealArray( 1, 1, 1, 1, 1, 1, 1, 1 ),
"update": 1,
"values": [ 0, 1, 2, 3, 4, 5, 6, 0 ]
}
tracks/2/type = "value"
tracks/2/path = NodePath(".:casting_finished")
tracks/2/interp = 1
tracks/2/loop_wrap = true
tracks/2/imported = false
tracks/2/enabled = true
tracks/2/keys = {
"times": PoolRealArray( 0, 0.6 ),
"transitions": PoolRealArray( 1, 1 ),
"update": 1,
"values": [ false, true ]
}

[sub_resource type="Animation" id=109]
length = 2.5
tracks/0/type = "value"
tracks/0/path = NodePath("AnimatedSprite:animation")
tracks/0/interp = 1
tracks/0/loop_wrap = true
tracks/0/imported = false
tracks/0/enabled = true
tracks/0/keys = {
"times": PoolRealArray( 0 ),
"transitions": PoolRealArray( 1 ),
"update": 1,
"values": [ "Death" ]
}
tracks/1/type = "value"
tracks/1/path = NodePath("AnimatedSprite:frame")
tracks/1/interp = 1
tracks/1/loop_wrap = true
tracks/1/imported = false
tracks/1/enabled = true
tracks/1/keys = {
"times": PoolRealArray( 0, 0.2, 0.4, 0.6, 0.8, 1.2, 1.4, 1.9, 2, 2.2 ),
"transitions": PoolRealArray( 1, 1, 1, 1, 1, 1, 1, 1, 1, 1 ),
"update": 1,
"values": [ 0, 1, 2, 3, 2, 3, 2, 3, 4, 5 ]
}

[sub_resource type="Animation" id=110]
length = 0.8
loop = true
step = 0.05
tracks/0/type = "value"
tracks/0/path = NodePath("AnimatedSprite:animation")
tracks/0/interp = 1
tracks/0/loop_wrap = true
tracks/0/imported = false
tracks/0/enabled = true
tracks/0/keys = {
"times": PoolRealArray( 0 ),
"transitions": PoolRealArray( 1 ),
"update": 1,
"values": [ "Walking_E" ]
}
tracks/1/type = "value"
tracks/1/path = NodePath("AnimatedSprite:frame")
tracks/1/interp = 1
tracks/1/loop_wrap = true
tracks/1/imported = false
tracks/1/enabled = true
tracks/1/keys = {
"times": PoolRealArray( 0, 0.1, 0.2, 0.3, 0.4, 0.5, 0.6, 0.7 ),
"transitions": PoolRealArray( 1, 1, 1, 1, 1, 1, 1, 1 ),
"update": 1,
"values": [ 0, 1, 2, 3, 4, 5, 6, 7 ]
}

[sub_resource type="Animation" id=111]
length = 0.8
loop = true
tracks/0/type = "value"
tracks/0/path = NodePath("AnimatedSprite:animation")
tracks/0/interp = 1
tracks/0/loop_wrap = true
tracks/0/imported = false
tracks/0/enabled = true
tracks/0/keys = {
"times": PoolRealArray( 0 ),
"transitions": PoolRealArray( 1 ),
"update": 1,
"values": [ "Walking_N" ]
}
tracks/1/type = "value"
tracks/1/path = NodePath("AnimatedSprite:frame")
tracks/1/interp = 1
tracks/1/loop_wrap = true
tracks/1/imported = false
tracks/1/enabled = true
tracks/1/keys = {
"times": PoolRealArray( 0, 0.1, 0.2, 0.3, 0.4, 0.5, 0.6, 0.7 ),
"transitions": PoolRealArray( 1, 1, 1, 1, 1, 1, 1, 1 ),
"update": 1,
"values": [ 0, 1, 2, 3, 4, 5, 6, 7 ]
}

[sub_resource type="Animation" id=112]
length = 0.8
loop = true
tracks/0/type = "value"
tracks/0/path = NodePath("AnimatedSprite:animation")
tracks/0/interp = 1
tracks/0/loop_wrap = true
tracks/0/imported = false
tracks/0/enabled = true
tracks/0/keys = {
"times": PoolRealArray( 0 ),
"transitions": PoolRealArray( 1 ),
"update": 1,
"values": [ "Walking_S" ]
}
tracks/1/type = "value"
tracks/1/path = NodePath("AnimatedSprite:frame")
tracks/1/interp = 1
tracks/1/loop_wrap = true
tracks/1/imported = false
tracks/1/enabled = true
tracks/1/keys = {
"times": PoolRealArray( 0, 0.1, 0.2, 0.3, 0.4, 0.5, 0.6, 0.7 ),
"transitions": PoolRealArray( 1, 1, 1, 1, 1, 1, 1, 1 ),
"update": 1,
"values": [ 0, 1, 2, 3, 4, 5, 6, 7 ]
}

[sub_resource type="Animation" id=113]
length = 0.8
loop = true
tracks/0/type = "value"
tracks/0/path = NodePath("AnimatedSprite:animation")
tracks/0/interp = 1
tracks/0/loop_wrap = true
tracks/0/imported = false
tracks/0/enabled = true
tracks/0/keys = {
"times": PoolRealArray( 0 ),
"transitions": PoolRealArray( 1 ),
"update": 1,
"values": [ "Walking_W" ]
}
tracks/1/type = "value"
tracks/1/path = NodePath("AnimatedSprite:frame")
tracks/1/interp = 1
tracks/1/loop_wrap = true
tracks/1/imported = false
tracks/1/enabled = true
tracks/1/keys = {
"times": PoolRealArray( 0, 0.1, 0.2, 0.3, 0.4, 0.5, 0.6, 0.7 ),
"transitions": PoolRealArray( 1, 1, 1, 1, 1, 1, 1, 1 ),
"update": 1,
"values": [ 0, 1, 2, 3, 4, 5, 6, 7 ]
}

[node name="KinematicBody2D" type="KinematicBody2D" groups=[
"Player",
]]
material = ExtResource( 6 )
collision_mask = 271
script = ExtResource( 2 )

[node name="Collision_Player" type="CollisionShape2D" parent="." groups=[
"Player",
]]
position = Vector2( -0.485371, 9.54143 )
scale = Vector2( 1.25797, 0.713417 )
z_index = 1
shape = SubResource( 1 )

[node name="AnimatedSprite" type="AnimatedSprite" parent="."]
use_parent_material = true
position = Vector2( 0, -10 )
frames = SubResource( 96 )
animation = "Walking_S"

[node name="AttackAreaEast" type="Area2D" parent="." groups=[
"Attack",
]]
visible = false
position = Vector2( 28.0933, 0.374573 )
collision_layer = 0
collision_mask = 2147483908

[node name="AttackEast" type="CollisionShape2D" parent="AttackAreaEast"]
position = Vector2( 10.6648, 0.572135 )
shape = SubResource( 97 )
disabled = true

[node name="AttackAreaNorth" type="Area2D" parent="." groups=[
"Attack",
]]
visible = false
position = Vector2( 0.374588, -0.37458 )
collision_layer = 0
collision_mask = 2147483908

[node name="AttackNorth" type="CollisionShape2D" parent="AttackAreaNorth"]
position = Vector2( -3.94031, -14.9585 )
rotation = 1.5708
shape = SubResource( 98 )
disabled = true

[node name="AttackAreaSouth" type="Area2D" parent="." groups=[
"Attack",
]]
visible = false
position = Vector2( 1.25992, 23.3085 )
collision_layer = 0
collision_mask = 2147483908

[node name="AttackSouth" type="CollisionShape2D" parent="AttackAreaSouth"]
position = Vector2( -3.98461, 18.0447 )
rotation = 1.5708
shape = SubResource( 99 )
disabled = true

[node name="AttackAreaWest" type="Area2D" parent="." groups=[
"Attack",
]]
visible = false
position = Vector2( -19.0215, 0.667419 )
collision_layer = 0
collision_mask = 260

[node name="AttackWest" type="CollisionShape2D" parent="AttackAreaWest"]
position = Vector2( -23.3724, 1.06093 )
shape = SubResource( 97 )
disabled = true

[node name="LVL_UP" type="Particles2D" parent="."]
emitting = false
amount = 30
lifetime = 4.0
one_shot = true
explosiveness = 0.9
process_material = SubResource( 100 )
texture = ExtResource( 4 )

[node name="AnimationPlayer" type="AnimationPlayer" parent="."]
anims/Attack_E = SubResource( 101 )
anims/Attack_N = SubResource( 102 )
anims/Attack_S = SubResource( 103 )
anims/Attack_W = SubResource( 104 )
anims/Casting_E = SubResource( 105 )
anims/Casting_N = SubResource( 106 )
anims/Casting_S = SubResource( 107 )
anims/Casting_W = SubResource( 108 )
anims/Death = SubResource( 109 )
anims/Walking_E = SubResource( 110 )
anims/Walking_N = SubResource( 111 )
anims/Walking_S = SubResource( 112 )
anims/Walking_W = SubResource( 113 )

[node name="BigBlackSpace" type="TextureRect" parent="."]
visible = false
show_behind_parent = true
margin_left = -882.897
margin_top = -610.408
margin_right = 951.103
margin_bottom = 573.592
texture = ExtResource( 5 )
expand = true
__meta__ = {
"_edit_use_anchors_": false
}
[connection signal="area_entered" from="AttackAreaEast" to="." method="_on_AttackAreaEast_area_entered"]
[connection signal="body_entered" from="AttackAreaEast" to="." method="_on_AttackAreaEast_body_entered"]
[connection signal="area_entered" from="AttackAreaNorth" to="." method="_on_AttackAreaNorth_area_entered"]
[connection signal="body_entered" from="AttackAreaNorth" to="." method="_on_AttackAreaNorth_body_entered"]
[connection signal="area_entered" from="AttackAreaSouth" to="." method="_on_AttackAreaSouth_area_entered"]
[connection signal="body_entered" from="AttackAreaSouth" to="." method="_on_AttackAreaSouth_body_entered"]
[connection signal="area_entered" from="AttackAreaWest" to="." method="_on_AttackAreaWest_area_entered"]
[connection signal="body_entered" from="AttackAreaWest" to="." method="_on_AttackAreaWest_body_entered"]
[connection signal="animation_finished" from="AnimationPlayer" to="." method="_on_AnimationPlayer_animation_finished"]
