[gd_scene load_steps=14 format=2]

[ext_resource path="res://Assets/GUI/Bar_Items/BackGroundBars.png" type="Texture" id=1]
[ext_resource path="res://Fonts/Dynamic_Fonts/DeathMessage.tres" type="DynamicFont" id=2]
[ext_resource path="res://Fonts/Dynamic_Fonts/continue_button.tres" type="DynamicFont" id=3]
[ext_resource path="res://Scripts/GUI/Victory_Screen.gd" type="Script" id=4]
[ext_resource path="res://Fonts/Sources/Comfortaa-Bold.ttf" type="DynamicFontData" id=5]
[ext_resource path="res://Assets/GUI/Utility/button_pressed.png" type="Texture" id=6]
[ext_resource path="res://Assets/GUI/Utility/button_frame.png" type="Texture" id=7]
[ext_resource path="res://Assets/GUI/Utility/button_not_pressed.png" type="Texture" id=8]
[ext_resource path="res://Assets/GUI/Utility/button_hover.png" type="Texture" id=9]
[ext_resource path="res://Sounds/ui/confirm_style_2_001.ogg" type="AudioStream" id=10]
[ext_resource path="res://Sounds/ui/Mouse Button Hover.ogg" type="AudioStream" id=11]
[ext_resource path="res://Sounds/levels/mixkit-game-level-completed-2059.wav" type="AudioStream" id=12]

[sub_resource type="DynamicFont" id=1]
size = 31
outline_size = 1
outline_color = Color( 0, 0, 0, 1 )
use_filter = true
extra_spacing_char = 2
font_data = ExtResource( 5 )

[node name="Victory" type="MarginContainer"]
pause_mode = 2
anchor_right = 1.0
anchor_bottom = 1.0
custom_constants/margin_right = 20
custom_constants/margin_top = 100
custom_constants/margin_left = 20
custom_constants/margin_bottom = 100
script = ExtResource( 4 )
__meta__ = {
"_edit_use_anchors_": false
}
continue_node = NodePath("Background/VBoxContainer/CenterContainer/TextureRect/Spiel Fortsetzen/Label")
demon_count_node = NodePath("Background/VBoxContainer/VBoxContainer/Count")

[node name="Background" type="NinePatchRect" parent="."]
self_modulate = Color( 0.364706, 0.333333, 0.435294, 1 )
margin_left = 20.0
margin_top = 100.0
margin_right = 1004.0
margin_bottom = 500.0
texture = ExtResource( 1 )

[node name="VBoxContainer" type="VBoxContainer" parent="Background"]
anchor_right = 1.0
anchor_bottom = 1.0
__meta__ = {
"_edit_use_anchors_": false
}

[node name="VBoxContainer" type="VBoxContainer" parent="Background/VBoxContainer"]
margin_right = 984.0
margin_bottom = 296.0
size_flags_vertical = 3

[node name="Label" type="Label" parent="Background/VBoxContainer/VBoxContainer"]
self_modulate = Color( 0.184314, 0.552941, 0.223529, 1 )
margin_right = 984.0
margin_bottom = 46.0
custom_fonts/font = ExtResource( 2 )
text = "Victory"
align = 1

[node name="AbstandTitleOben" type="MarginContainer" parent="Background/VBoxContainer/VBoxContainer"]
margin_top = 50.0
margin_right = 984.0
margin_bottom = 100.0
rect_min_size = Vector2( 0, 50 )
custom_constants/margin_top = 0

[node name="Label2" type="Label" parent="Background/VBoxContainer/VBoxContainer"]
margin_top = 104.0
margin_right = 984.0
margin_bottom = 140.0
custom_fonts/font = SubResource( 1 )
text = "Du hast die erforderliche Anzahl an Dämonen getötet"
align = 1
autowrap = true

[node name="AbstandTitleOben2" type="MarginContainer" parent="Background/VBoxContainer/VBoxContainer"]
margin_top = 144.0
margin_right = 984.0
margin_bottom = 194.0
rect_min_size = Vector2( 0, 50 )
custom_constants/margin_top = 0

[node name="Count" type="Label" parent="Background/VBoxContainer/VBoxContainer"]
margin_top = 198.0
margin_right = 984.0
margin_bottom = 244.0
custom_fonts/font = ExtResource( 2 )
text = "20/20"
align = 1

[node name="CenterContainer" type="CenterContainer" parent="Background/VBoxContainer"]
margin_top = 300.0
margin_right = 984.0
margin_bottom = 400.0
size_flags_horizontal = 3
size_flags_vertical = 3
size_flags_stretch_ratio = 0.33

[node name="TextureRect" type="TextureRect" parent="Background/VBoxContainer/CenterContainer"]
margin_left = 292.0
margin_right = 692.0
margin_bottom = 100.0
rect_min_size = Vector2( 400, 100 )
texture = ExtResource( 7 )
stretch_mode = 6

[node name="Spiel Fortsetzen" type="TextureButton" parent="Background/VBoxContainer/CenterContainer/TextureRect"]
show_behind_parent = true
anchor_right = 1.0
anchor_bottom = 1.0
margin_top = 10.0
margin_right = -1.00003
margin_bottom = -6.00001
rect_pivot_offset = Vector2( -460.47, -141.678 )
size_flags_horizontal = 4
keep_pressed_outside = true
texture_normal = ExtResource( 8 )
texture_pressed = ExtResource( 6 )
texture_hover = ExtResource( 9 )
expand = true
__meta__ = {
"_edit_use_anchors_": false
}

[node name="Label" type="Label" parent="Background/VBoxContainer/CenterContainer/TextureRect/Spiel Fortsetzen"]
anchor_right = 1.0
anchor_bottom = 1.0
custom_fonts/font = ExtResource( 3 )
custom_colors/font_color = Color( 0, 0, 0, 1 )
text = "Zurück zur Overworld"
align = 1
valign = 1
__meta__ = {
"_edit_use_anchors_": false
}

[node name="ButtonHoverSound" type="AudioStreamPlayer" parent="."]
stream = ExtResource( 11 )

[node name="ButtonPressedSound" type="AudioStreamPlayer" parent="."]
stream = ExtResource( 10 )

[node name="VictorySound" type="AudioStreamPlayer" parent="."]
stream = ExtResource( 12 )
[connection signal="button_down" from="Background/VBoxContainer/CenterContainer/TextureRect/Spiel Fortsetzen" to="." method="_on_Spiel_Fortsetzen_button_down"]
[connection signal="button_up" from="Background/VBoxContainer/CenterContainer/TextureRect/Spiel Fortsetzen" to="." method="_on_Spiel_Fortsetzen_button_up"]
[connection signal="mouse_entered" from="Background/VBoxContainer/CenterContainer/TextureRect/Spiel Fortsetzen" to="." method="_on_Spiel_Fortsetzen_mouse_entered"]
[connection signal="pressed" from="Background/VBoxContainer/CenterContainer/TextureRect/Spiel Fortsetzen" to="." method="_on_Spiel_Fortsetzen_pressed"]
