[gd_scene load_steps=18 format=2]

[ext_resource path="res://Fonts/Dynamic_Fonts/continue_button.tres" type="DynamicFont" id=1]
[ext_resource path="res://Assets/GUI/Utility/button_not_pressed.png" type="Texture" id=2]
[ext_resource path="res://Assets/GUI/Utility/button_pressed.png" type="Texture" id=3]
[ext_resource path="res://Assets/GUI/Utility/button_frame.png" type="Texture" id=4]
[ext_resource path="res://Assets/GUI/Utility/button_hover.png" type="Texture" id=5]
[ext_resource path="res://Scripts/GUI/Button.gd" type="Script" id=6]
[ext_resource path="res://Assets/GUI/Bar_Items/BackGroundBars.png" type="Texture" id=7]
[ext_resource path="res://Scripts/GUI/Settings.gd" type="Script" id=8]
[ext_resource path="res://Fonts/Sources/FreeSans.ttf" type="DynamicFontData" id=9]
[ext_resource path="res://Assets/GUI/Skill_Icon/White_Box.png" type="Texture" id=10]
[ext_resource path="res://Fonts/Dynamic_Fonts/Titel_Pause_Menu.tres" type="DynamicFont" id=11]
[ext_resource path="res://Sounds/Lightning Strike.wav" type="AudioStream" id=12]
[ext_resource path="res://Sounds/music/sad-rpg-town-background.wav" type="AudioStream" id=13]
[ext_resource path="res://Sounds/ui/Mouse Button Hover.ogg" type="AudioStream" id=14]
[ext_resource path="res://Sounds/ui/confirm_style_2_001.ogg" type="AudioStream" id=15]
[ext_resource path="res://Fonts/Dynamic_Fonts/MenuFont.tres" type="DynamicFont" id=16]

[sub_resource type="DynamicFont" id=1]
size = 31
outline_size = 2
outline_color = Color( 0, 0, 0, 1 )
use_filter = true
extra_spacing_char = 3
font_data = ExtResource( 9 )

[node name="Control" type="Control"]
anchor_right = 1.0
anchor_bottom = 1.0
script = ExtResource( 8 )
__meta__ = {
"_edit_use_anchors_": false
}
sound_music_volume_node = NodePath("MarginContainer/VBoxContainer/MarginContainer/ScrollContainer/AllSettings/Sounds/VBoxContainer/Musik/Lautstärke")
sound_music_enabled_node = NodePath("MarginContainer/VBoxContainer/MarginContainer/ScrollContainer/AllSettings/Sounds/VBoxContainer/Musik/MusicEnabled")
sound_music_slider_node = NodePath("MarginContainer/VBoxContainer/MarginContainer/ScrollContainer/AllSettings/Sounds/VBoxContainer/Musik/MusikSlider")
sound_effect_volume_node = NodePath("MarginContainer/VBoxContainer/MarginContainer/ScrollContainer/AllSettings/Sounds/VBoxContainer/Soundeffekte/Lautstärke")
sound_effect_enabled_node = NodePath("MarginContainer/VBoxContainer/MarginContainer/ScrollContainer/AllSettings/Sounds/VBoxContainer/Soundeffekte/EffektEnabled")
sound_effect_slider_node = NodePath("MarginContainer/VBoxContainer/MarginContainer/ScrollContainer/AllSettings/Sounds/VBoxContainer/Soundeffekte/EffektSlider")
demon_base_scaling_node = NodePath("MarginContainer/VBoxContainer/MarginContainer/ScrollContainer/AllSettings/Game/VBoxContainer/DemonBase/Percent")
demon_base_scaling_slider_node = NodePath("MarginContainer/VBoxContainer/MarginContainer/ScrollContainer/AllSettings/Game/VBoxContainer/DemonBase/BaseStatsSlider")
demon_round_scaling_node = NodePath("MarginContainer/VBoxContainer/MarginContainer/ScrollContainer/AllSettings/Game/VBoxContainer/DemonScaling/Percent")
demon_round_scaling_slider_node = NodePath("MarginContainer/VBoxContainer/MarginContainer/ScrollContainer/AllSettings/Game/VBoxContainer/DemonScaling/ScalingSlider")
full_screen_enabled_node = NodePath("MarginContainer/VBoxContainer/MarginContainer/ScrollContainer/AllSettings/Game/VBoxContainer/CheckBoxes/MarginContainer/HBoxContainer/FullScreen")
ignore_cutscenes_enabled_node = NodePath("MarginContainer/VBoxContainer/MarginContainer/ScrollContainer/AllSettings/Game/VBoxContainer/CheckBoxes/MarginContainer/HBoxContainer2/IgnoreCutscenes")

[node name="TextureRect" type="TextureRect" parent="."]
anchor_right = 1.0
anchor_bottom = 1.0
texture = ExtResource( 7 )
expand = true
__meta__ = {
"_edit_use_anchors_": false
}

[node name="MarginContainer" type="MarginContainer" parent="."]
anchor_right = 1.0
anchor_bottom = 1.0
custom_constants/margin_right = 20
custom_constants/margin_top = 20
custom_constants/margin_left = 20
custom_constants/margin_bottom = 20
__meta__ = {
"_edit_use_anchors_": false
}

[node name="VBoxContainer" type="VBoxContainer" parent="MarginContainer"]
margin_left = 20.0
margin_top = 20.0
margin_right = 1004.0
margin_bottom = 580.0
__meta__ = {
"_edit_use_anchors_": false
}

[node name="Label" type="Label" parent="MarginContainer/VBoxContainer"]
margin_right = 984.0
margin_bottom = 46.0
custom_fonts/font = ExtResource( 11 )
text = "Settings"
align = 1

[node name="TextureRect2" type="TextureRect" parent="MarginContainer/VBoxContainer"]
self_modulate = Color( 0, 0, 0, 1 )
margin_top = 50.0
margin_right = 984.0
margin_bottom = 53.0
rect_min_size = Vector2( 0, 3 )
texture = ExtResource( 10 )
expand = true

[node name="MarginContainer" type="MarginContainer" parent="MarginContainer/VBoxContainer"]
margin_top = 57.0
margin_right = 984.0
margin_bottom = 440.0
size_flags_vertical = 3

[node name="ScrollContainer" type="ScrollContainer" parent="MarginContainer/VBoxContainer/MarginContainer"]
margin_right = 984.0
margin_bottom = 383.0

[node name="AllSettings" type="VBoxContainer" parent="MarginContainer/VBoxContainer/MarginContainer/ScrollContainer"]
margin_right = 972.0
margin_bottom = 499.0
size_flags_horizontal = 3
custom_constants/separation = 64

[node name="Sounds" type="VBoxContainer" parent="MarginContainer/VBoxContainer/MarginContainer/ScrollContainer/AllSettings"]
margin_right = 972.0
margin_bottom = 173.0
custom_constants/separation = 7

[node name="SoundÜberschrift" type="TextureRect" parent="MarginContainer/VBoxContainer/MarginContainer/ScrollContainer/AllSettings/Sounds"]
margin_right = 972.0
margin_bottom = 40.0
rect_min_size = Vector2( 0, 40 )
texture = ExtResource( 4 )
expand = true
stretch_mode = 6

[node name="Label" type="Label" parent="MarginContainer/VBoxContainer/MarginContainer/ScrollContainer/AllSettings/Sounds/SoundÜberschrift"]
anchor_right = 1.0
anchor_bottom = 1.0
custom_fonts/font = SubResource( 1 )
text = "Sounds"
align = 1
valign = 1
__meta__ = {
"_edit_use_anchors_": false
}

[node name="TextureRect" type="TextureRect" parent="MarginContainer/VBoxContainer/MarginContainer/ScrollContainer/AllSettings/Sounds"]
self_modulate = Color( 0, 0, 0, 1 )
margin_top = 47.0
margin_right = 972.0
margin_bottom = 50.0
rect_min_size = Vector2( 0, 3 )
texture = ExtResource( 10 )
expand = true

[node name="Platzhalter" type="MarginContainer" parent="MarginContainer/VBoxContainer/MarginContainer/ScrollContainer/AllSettings/Sounds"]
margin_top = 57.0
margin_right = 972.0
margin_bottom = 67.0
rect_min_size = Vector2( 0, 10 )

[node name="VBoxContainer" type="VBoxContainer" parent="MarginContainer/VBoxContainer/MarginContainer/ScrollContainer/AllSettings/Sounds"]
margin_top = 74.0
margin_right = 972.0
margin_bottom = 173.0
custom_constants/separation = 43

[node name="Musik" type="HBoxContainer" parent="MarginContainer/VBoxContainer/MarginContainer/ScrollContainer/AllSettings/Sounds/VBoxContainer"]
margin_right = 972.0
margin_bottom = 28.0

[node name="Beschreibung" type="Label" parent="MarginContainer/VBoxContainer/MarginContainer/ScrollContainer/AllSettings/Sounds/VBoxContainer/Musik"]
margin_right = 300.0
margin_bottom = 28.0
rect_min_size = Vector2( 300, 0 )
hint_tooltip = "Bestimmt wie Laut die Musik sein soll"
mouse_filter = 0
size_flags_horizontal = 3
custom_fonts/font = ExtResource( 16 )
text = "Musik:"

[node name="MusikSlider" type="HSlider" parent="MarginContainer/VBoxContainer/MarginContainer/ScrollContainer/AllSettings/Sounds/VBoxContainer/Musik"]
margin_left = 304.0
margin_right = 595.0
margin_bottom = 16.0
size_flags_horizontal = 3
min_value = -20.0
max_value = 20.0
scrollable = false
tick_count = 5
ticks_on_borders = true

[node name="Lautstärke" type="Label" parent="MarginContainer/VBoxContainer/MarginContainer/ScrollContainer/AllSettings/Sounds/VBoxContainer/Musik"]
margin_left = 599.0
margin_right = 890.0
margin_bottom = 28.0
size_flags_horizontal = 3
custom_fonts/font = ExtResource( 16 )
text = "+0 db"

[node name="MusicEnabled" type="CheckBox" parent="MarginContainer/VBoxContainer/MarginContainer/ScrollContainer/AllSettings/Sounds/VBoxContainer/Musik"]
margin_left = 894.0
margin_right = 972.0
margin_bottom = 28.0
pressed = true
text = "Enabled"

[node name="Soundeffekte" type="HBoxContainer" parent="MarginContainer/VBoxContainer/MarginContainer/ScrollContainer/AllSettings/Sounds/VBoxContainer"]
margin_top = 71.0
margin_right = 972.0
margin_bottom = 99.0

[node name="Beschreibung" type="Label" parent="MarginContainer/VBoxContainer/MarginContainer/ScrollContainer/AllSettings/Sounds/VBoxContainer/Soundeffekte"]
margin_right = 300.0
margin_bottom = 28.0
rect_min_size = Vector2( 300, 0 )
hint_tooltip = "Bestimmt Lautstärke von Soundeffekten, z.B. Trank trinken"
mouse_filter = 0
size_flags_horizontal = 3
custom_fonts/font = ExtResource( 16 )
text = "Soundeffekte:"

[node name="EffektSlider" type="HSlider" parent="MarginContainer/VBoxContainer/MarginContainer/ScrollContainer/AllSettings/Sounds/VBoxContainer/Soundeffekte"]
margin_left = 304.0
margin_right = 595.0
margin_bottom = 16.0
size_flags_horizontal = 3
min_value = -20.0
max_value = 20.0
scrollable = false
tick_count = 5
ticks_on_borders = true

[node name="Lautstärke" type="Label" parent="MarginContainer/VBoxContainer/MarginContainer/ScrollContainer/AllSettings/Sounds/VBoxContainer/Soundeffekte"]
margin_left = 599.0
margin_right = 890.0
margin_bottom = 28.0
size_flags_horizontal = 3
custom_fonts/font = ExtResource( 16 )
text = "+0 db"

[node name="EffektEnabled" type="CheckBox" parent="MarginContainer/VBoxContainer/MarginContainer/ScrollContainer/AllSettings/Sounds/VBoxContainer/Soundeffekte"]
margin_left = 894.0
margin_right = 972.0
margin_bottom = 28.0
pressed = true
text = "Enabled"

[node name="Game" type="VBoxContainer" parent="MarginContainer/VBoxContainer/MarginContainer/ScrollContainer/AllSettings"]
margin_top = 237.0
margin_right = 972.0
margin_bottom = 499.0
custom_constants/separation = 7

[node name="TextureRect2" type="TextureRect" parent="MarginContainer/VBoxContainer/MarginContainer/ScrollContainer/AllSettings/Game"]
self_modulate = Color( 0, 0, 0, 1 )
margin_right = 972.0
margin_bottom = 3.0
rect_min_size = Vector2( 0, 3 )
texture = ExtResource( 10 )
expand = true

[node name="GameÜberschrift" type="TextureRect" parent="MarginContainer/VBoxContainer/MarginContainer/ScrollContainer/AllSettings/Game"]
margin_top = 10.0
margin_right = 972.0
margin_bottom = 50.0
rect_min_size = Vector2( 0, 40 )
texture = ExtResource( 4 )
expand = true
stretch_mode = 6

[node name="Label" type="Label" parent="MarginContainer/VBoxContainer/MarginContainer/ScrollContainer/AllSettings/Game/GameÜberschrift"]
anchor_right = 1.0
anchor_bottom = 1.0
custom_fonts/font = SubResource( 1 )
text = "Game"
align = 1
valign = 1
__meta__ = {
"_edit_use_anchors_": false
}

[node name="TextureRect" type="TextureRect" parent="MarginContainer/VBoxContainer/MarginContainer/ScrollContainer/AllSettings/Game"]
self_modulate = Color( 0, 0, 0, 1 )
margin_top = 57.0
margin_right = 972.0
margin_bottom = 60.0
rect_min_size = Vector2( 0, 3 )
texture = ExtResource( 10 )
expand = true

[node name="Platzhalter" type="MarginContainer" parent="MarginContainer/VBoxContainer/MarginContainer/ScrollContainer/AllSettings/Game"]
margin_top = 67.0
margin_right = 972.0
margin_bottom = 77.0
rect_min_size = Vector2( 0, 10 )

[node name="VBoxContainer" type="VBoxContainer" parent="MarginContainer/VBoxContainer/MarginContainer/ScrollContainer/AllSettings/Game"]
margin_top = 84.0
margin_right = 972.0
margin_bottom = 262.0
custom_constants/separation = 43

[node name="DemonBase" type="HBoxContainer" parent="MarginContainer/VBoxContainer/MarginContainer/ScrollContainer/AllSettings/Game/VBoxContainer"]
margin_right = 972.0
margin_bottom = 28.0

[node name="Beschreibung" type="Label" parent="MarginContainer/VBoxContainer/MarginContainer/ScrollContainer/AllSettings/Game/VBoxContainer/DemonBase"]
margin_right = 321.0
margin_bottom = 28.0
rect_min_size = Vector2( 300, 0 )
hint_tooltip = "Bestimmt, wieviel stärker die Dämonen Anfangen (Multiplikativ)"
mouse_filter = 0
size_flags_horizontal = 3
custom_fonts/font = ExtResource( 16 )
text = "Demons Base Stats:"

[node name="BaseStatsSlider" type="HSlider" parent="MarginContainer/VBoxContainer/MarginContainer/ScrollContainer/AllSettings/Game/VBoxContainer/DemonBase"]
margin_left = 325.0
margin_right = 646.0
margin_bottom = 16.0
size_flags_horizontal = 3
min_value = -90.0
scrollable = false
tick_count = 5
ticks_on_borders = true

[node name="Percent" type="Label" parent="MarginContainer/VBoxContainer/MarginContainer/ScrollContainer/AllSettings/Game/VBoxContainer/DemonBase"]
margin_left = 650.0
margin_right = 972.0
margin_bottom = 28.0
size_flags_horizontal = 3
custom_fonts/font = ExtResource( 16 )
text = "+0%"

[node name="DemonScaling" type="HBoxContainer" parent="MarginContainer/VBoxContainer/MarginContainer/ScrollContainer/AllSettings/Game/VBoxContainer"]
margin_top = 71.0
margin_right = 972.0
margin_bottom = 99.0

[node name="Beschreibung" type="Label" parent="MarginContainer/VBoxContainer/MarginContainer/ScrollContainer/AllSettings/Game/VBoxContainer/DemonScaling"]
margin_right = 321.0
margin_bottom = 28.0
rect_min_size = Vector2( 300, 0 )
hint_tooltip = "Exponentieller Wachstum der Dämonen pro Runde"
mouse_filter = 0
size_flags_horizontal = 3
custom_fonts/font = ExtResource( 16 )
text = "Demons Scaling"

[node name="ScalingSlider" type="HSlider" parent="MarginContainer/VBoxContainer/MarginContainer/ScrollContainer/AllSettings/Game/VBoxContainer/DemonScaling"]
margin_left = 325.0
margin_right = 646.0
margin_bottom = 16.0
size_flags_horizontal = 3
value = 20.0
scrollable = false
tick_count = 5
ticks_on_borders = true

[node name="Percent" type="Label" parent="MarginContainer/VBoxContainer/MarginContainer/ScrollContainer/AllSettings/Game/VBoxContainer/DemonScaling"]
margin_left = 650.0
margin_right = 972.0
margin_bottom = 28.0
size_flags_horizontal = 3
custom_fonts/font = ExtResource( 16 )
text = "+20%"

[node name="CheckBoxes" type="HBoxContainer" parent="MarginContainer/VBoxContainer/MarginContainer/ScrollContainer/AllSettings/Game/VBoxContainer"]
margin_top = 142.0
margin_right = 972.0
margin_bottom = 178.0
alignment = 1

[node name="MarginContainer" type="MarginContainer" parent="MarginContainer/VBoxContainer/MarginContainer/ScrollContainer/AllSettings/Game/VBoxContainer/CheckBoxes"]
margin_right = 972.0
margin_bottom = 36.0
size_flags_horizontal = 3
custom_constants/margin_right = 20
custom_constants/margin_left = 20

[node name="HBoxContainer" type="HBoxContainer" parent="MarginContainer/VBoxContainer/MarginContainer/ScrollContainer/AllSettings/Game/VBoxContainer/CheckBoxes/MarginContainer"]
margin_left = 20.0
margin_right = 952.0
margin_bottom = 36.0
mouse_filter = 2
size_flags_horizontal = 3

[node name="FullScreen" type="CheckBox" parent="MarginContainer/VBoxContainer/MarginContainer/ScrollContainer/AllSettings/Game/VBoxContainer/CheckBoxes/MarginContainer/HBoxContainer"]
margin_right = 204.0
margin_bottom = 36.0
custom_fonts/font = ExtResource( 16 )
text = "Full screen"

[node name="HBoxContainer2" type="HBoxContainer" parent="MarginContainer/VBoxContainer/MarginContainer/ScrollContainer/AllSettings/Game/VBoxContainer/CheckBoxes/MarginContainer"]
margin_left = 20.0
margin_right = 952.0
margin_bottom = 36.0
mouse_filter = 2
size_flags_horizontal = 3
alignment = 2

[node name="IgnoreCutscenes" type="CheckBox" parent="MarginContainer/VBoxContainer/MarginContainer/ScrollContainer/AllSettings/Game/VBoxContainer/CheckBoxes/MarginContainer/HBoxContainer2"]
margin_left = 648.0
margin_right = 932.0
margin_bottom = 36.0
custom_fonts/font = ExtResource( 16 )
text = "Ignore Cutscenes"

[node name="MarginContainer2" type="MarginContainer" parent="MarginContainer/VBoxContainer"]
margin_top = 444.0
margin_right = 984.0
margin_bottom = 560.0
size_flags_vertical = 3
size_flags_stretch_ratio = 0.3
custom_constants/margin_top = 60

[node name="Buttons" type="HBoxContainer" parent="MarginContainer/VBoxContainer/MarginContainer2"]
margin_top = 60.0
margin_right = 984.0
margin_bottom = 116.0
size_flags_vertical = 3
size_flags_stretch_ratio = 0.2
custom_constants/separation = 387

[node name="TextureRect" type="TextureRect" parent="MarginContainer/VBoxContainer/MarginContainer2/Buttons"]
margin_right = 298.0
margin_bottom = 56.0
rect_min_size = Vector2( 100, 0 )
size_flags_horizontal = 3
size_flags_vertical = 3
texture = ExtResource( 4 )
expand = true
stretch_mode = 6
__meta__ = {
"_edit_use_anchors_": false
}

[node name="Abbrechen" type="TextureButton" parent="MarginContainer/VBoxContainer/MarginContainer2/Buttons/TextureRect"]
self_modulate = Color( 0.764706, 0.764706, 0.764706, 1 )
show_behind_parent = true
anchor_right = 1.0
anchor_bottom = 1.0
keep_pressed_outside = true
texture_normal = ExtResource( 2 )
texture_pressed = ExtResource( 3 )
texture_hover = ExtResource( 5 )
expand = true
stretch_mode = 5
script = ExtResource( 6 )
__meta__ = {
"_edit_use_anchors_": false
}

[node name="Text" type="Label" parent="MarginContainer/VBoxContainer/MarginContainer2/Buttons/TextureRect/Abbrechen"]
anchor_right = 1.0
anchor_bottom = 1.0
custom_fonts/font = ExtResource( 1 )
custom_colors/font_color = Color( 0, 0, 0, 1 )
text = "Abbrechen"
align = 1
valign = 1
uppercase = true
__meta__ = {
"_edit_use_anchors_": false
}

[node name="TextureRect2" type="TextureRect" parent="MarginContainer/VBoxContainer/MarginContainer2/Buttons"]
margin_left = 685.0
margin_right = 984.0
margin_bottom = 56.0
rect_min_size = Vector2( 100, 0 )
size_flags_horizontal = 3
size_flags_vertical = 3
texture = ExtResource( 4 )
expand = true
stretch_mode = 6
__meta__ = {
"_edit_use_anchors_": false
}

[node name="Speichern" type="TextureButton" parent="MarginContainer/VBoxContainer/MarginContainer2/Buttons/TextureRect2"]
self_modulate = Color( 0.764706, 0.764706, 0.764706, 1 )
show_behind_parent = true
anchor_right = 1.0
anchor_bottom = 1.0
keep_pressed_outside = true
texture_normal = ExtResource( 2 )
texture_pressed = ExtResource( 3 )
texture_hover = ExtResource( 5 )
expand = true
stretch_mode = 5
script = ExtResource( 6 )
__meta__ = {
"_edit_use_anchors_": false
}

[node name="Text" type="Label" parent="MarginContainer/VBoxContainer/MarginContainer2/Buttons/TextureRect2/Speichern"]
anchor_right = 1.0
anchor_bottom = 1.0
custom_fonts/font = ExtResource( 1 )
custom_colors/font_color = Color( 0, 0, 0, 1 )
text = "Speichern"
align = 1
valign = 1
uppercase = true
__meta__ = {
"_edit_use_anchors_": false
}

[node name="ButtonHoverSound" type="AudioStreamPlayer" parent="."]
stream = ExtResource( 14 )

[node name="ButtonPressedSound" type="AudioStreamPlayer" parent="."]
stream = ExtResource( 15 )
volume_db = -7.0

[node name="ExampleSoundMusik" type="AudioStreamPlayer" parent="."]
stream = ExtResource( 13 )

[node name="ExampleSoundEffekt" type="AudioStreamPlayer" parent="."]
stream = ExtResource( 12 )
volume_db = -5.0
[connection signal="value_changed" from="MarginContainer/VBoxContainer/MarginContainer/ScrollContainer/AllSettings/Sounds/VBoxContainer/Musik/MusikSlider" to="." method="_on_MusikSlider_value_changed"]
[connection signal="mouse_entered" from="MarginContainer/VBoxContainer/MarginContainer/ScrollContainer/AllSettings/Sounds/VBoxContainer/Musik/MusicEnabled" to="." method="on_button_mouse_entered"]
[connection signal="pressed" from="MarginContainer/VBoxContainer/MarginContainer/ScrollContainer/AllSettings/Sounds/VBoxContainer/Musik/MusicEnabled" to="." method="_on_MusicEnabled_pressed"]
[connection signal="value_changed" from="MarginContainer/VBoxContainer/MarginContainer/ScrollContainer/AllSettings/Sounds/VBoxContainer/Soundeffekte/EffektSlider" to="." method="_on_EffektSlider_value_changed"]
[connection signal="mouse_entered" from="MarginContainer/VBoxContainer/MarginContainer/ScrollContainer/AllSettings/Sounds/VBoxContainer/Soundeffekte/EffektEnabled" to="." method="on_button_mouse_entered"]
[connection signal="pressed" from="MarginContainer/VBoxContainer/MarginContainer/ScrollContainer/AllSettings/Sounds/VBoxContainer/Soundeffekte/EffektEnabled" to="." method="_on_EffektEnabled_pressed"]
[connection signal="value_changed" from="MarginContainer/VBoxContainer/MarginContainer/ScrollContainer/AllSettings/Game/VBoxContainer/DemonBase/BaseStatsSlider" to="." method="_on_BaseStatsSlider_value_changed"]
[connection signal="value_changed" from="MarginContainer/VBoxContainer/MarginContainer/ScrollContainer/AllSettings/Game/VBoxContainer/DemonScaling/ScalingSlider" to="." method="_on_ScalingSlider_value_changed"]
[connection signal="mouse_entered" from="MarginContainer/VBoxContainer/MarginContainer/ScrollContainer/AllSettings/Game/VBoxContainer/CheckBoxes/MarginContainer/HBoxContainer/FullScreen" to="." method="on_button_mouse_entered"]
[connection signal="pressed" from="MarginContainer/VBoxContainer/MarginContainer/ScrollContainer/AllSettings/Game/VBoxContainer/CheckBoxes/MarginContainer/HBoxContainer/FullScreen" to="." method="_on_FullScreen_pressed"]
[connection signal="mouse_entered" from="MarginContainer/VBoxContainer/MarginContainer/ScrollContainer/AllSettings/Game/VBoxContainer/CheckBoxes/MarginContainer/HBoxContainer2/IgnoreCutscenes" to="." method="on_button_mouse_entered"]
[connection signal="pressed" from="MarginContainer/VBoxContainer/MarginContainer/ScrollContainer/AllSettings/Game/VBoxContainer/CheckBoxes/MarginContainer/HBoxContainer2/IgnoreCutscenes" to="." method="_on_IgnoreCutscenes_pressed"]
[connection signal="button_down" from="MarginContainer/VBoxContainer/MarginContainer2/Buttons/TextureRect/Abbrechen" to="MarginContainer/VBoxContainer/MarginContainer2/Buttons/TextureRect/Abbrechen" method="_on_Button_button_down"]
[connection signal="button_up" from="MarginContainer/VBoxContainer/MarginContainer2/Buttons/TextureRect/Abbrechen" to="MarginContainer/VBoxContainer/MarginContainer2/Buttons/TextureRect/Abbrechen" method="_on_Button_button_up"]
[connection signal="mouse_entered" from="MarginContainer/VBoxContainer/MarginContainer2/Buttons/TextureRect/Abbrechen" to="." method="on_button_mouse_entered"]
[connection signal="pressed" from="MarginContainer/VBoxContainer/MarginContainer2/Buttons/TextureRect/Abbrechen" to="." method="_on_Abbrechen_pressed"]
[connection signal="button_down" from="MarginContainer/VBoxContainer/MarginContainer2/Buttons/TextureRect2/Speichern" to="MarginContainer/VBoxContainer/MarginContainer2/Buttons/TextureRect2/Speichern" method="_on_Button_button_down"]
[connection signal="button_up" from="MarginContainer/VBoxContainer/MarginContainer2/Buttons/TextureRect2/Speichern" to="MarginContainer/VBoxContainer/MarginContainer2/Buttons/TextureRect2/Speichern" method="_on_Button_button_up"]
[connection signal="mouse_entered" from="MarginContainer/VBoxContainer/MarginContainer2/Buttons/TextureRect2/Speichern" to="." method="on_button_mouse_entered"]
[connection signal="pressed" from="MarginContainer/VBoxContainer/MarginContainer2/Buttons/TextureRect2/Speichern" to="." method="_on_Speichern_pressed"]
[connection signal="finished" from="ButtonPressedSound" to="." method="_on_ButtonPressedSound_finished"]
