[gd_scene load_steps=33 format=2]

[ext_resource path="res://Assets/GUI/Bar_Items/BackGroundBars.png" type="Texture" id=1]
[ext_resource path="res://Sprite_Frames/Soldier.tres" type="SpriteFrames" id=2]
[ext_resource path="res://Fonts/Dynamic_Fonts/Recruit_button.tres" type="DynamicFont" id=3]
[ext_resource path="res://Scripts/Barracks/Soldatenauswahl.gd" type="Script" id=4]
[ext_resource path="res://Assets/GUI/Utility/button_frame.png" type="Texture" id=5]
[ext_resource path="res://Assets/GUI/Utility/button_not_pressed.png" type="Texture" id=6]
[ext_resource path="res://Assets/GUI/Utility/button_pressed.png" type="Texture" id=7]
[ext_resource path="res://Assets/GUI/Utility/button_hover.png" type="Texture" id=8]
[ext_resource path="res://Fonts/Sources/courier-prime.regular.ttf" type="DynamicFontData" id=9]
[ext_resource path="res://Sprite_Frames/Mage.tres" type="SpriteFrames" id=10]
[ext_resource path="res://Assets/GUI/Skill_Icon/White_Box.png" type="Texture" id=11]
[ext_resource path="res://Fonts/Dynamic_Fonts/Schmied_Text.tres" type="DynamicFont" id=12]
[ext_resource path="res://Fonts/Dynamic_Fonts/DeathMessage.tres" type="DynamicFont" id=13]
[ext_resource path="res://Fonts/Dynamic_Fonts/ToBattle.tres" type="DynamicFont" id=14]
[ext_resource path="res://Fonts/Dynamic_Fonts/continue_button.tres" type="DynamicFont" id=15]
[ext_resource path="res://Assets/World/Overworld/enter town/Enter Village.png" type="Texture" id=16]
[ext_resource path="res://Assets/GUI/Ressources/Stone.png" type="Texture" id=17]
[ext_resource path="res://Assets/GUI/Ressources/Iron.png" type="Texture" id=18]
[ext_resource path="res://Assets/GUI/Ressources/Gold.png" type="Texture" id=19]
[ext_resource path="res://Assets/GUI/Ressources/Bread.png" type="Texture" id=20]
[ext_resource path="res://Assets/GUI/Ressources/persons.png" type="Texture" id=21]
[ext_resource path="res://Sprite_Frames/Demon.tres" type="SpriteFrames" id=22]
[ext_resource path="res://Sprite_Frames/GhostDemon.tres" type="SpriteFrames" id=23]
[ext_resource path="res://Scripts/GUI/Button.gd" type="Script" id=24]
[ext_resource path="res://Sounds/skill_not_ready.ogg" type="AudioStream" id=25]
[ext_resource path="res://Sounds/ui/Mouse Button Hover.ogg" type="AudioStream" id=26]
[ext_resource path="res://Fonts/Sources/Comfortaa-Bold.ttf" type="DynamicFontData" id=27]
[ext_resource path="res://Assets/GUI/Utility/Border_Menu.png" type="Texture" id=28]
[ext_resource path="res://Sounds/ui/confirm_style_2_001.ogg" type="AudioStream" id=29]

[sub_resource type="DynamicFont" id=1]
size = 21
use_filter = true
font_data = ExtResource( 9 )

[sub_resource type="DynamicFont" id=2]
size = 18
use_filter = true
font_data = ExtResource( 27 )

[sub_resource type="DynamicFont" id=3]
size = 39
use_filter = true
font_data = ExtResource( 27 )

[node name="Soldatenauswahl" type="Control"]
pause_mode = 2
anchor_right = 1.0
anchor_bottom = 1.0
margin_top = 1.05946
margin_bottom = 1.05945
script = ExtResource( 4 )
__meta__ = {
"_edit_use_anchors_": false
}
soldier_owned_text_node = NodePath("CenterContainer/VBoxContainer/main_part/HBoxContainer/MarginContainer/VBoxContainer/ScrollContainer/VBoxContainer/Soldat/Im BEsitz")
soldier_for_battle_text_node = NodePath("CenterContainer/VBoxContainer/main_part/HBoxContainer/MarginContainer/VBoxContainer/ScrollContainer/VBoxContainer/Soldat/Recruit/AuswahlfürSchlacht")
mage_owned_text_node = NodePath("CenterContainer/VBoxContainer/main_part/HBoxContainer/MarginContainer/VBoxContainer/ScrollContainer/VBoxContainer/Mage/Im BEsitz")
mage_for_battle_text_node = NodePath("CenterContainer/VBoxContainer/main_part/HBoxContainer/MarginContainer/VBoxContainer/ScrollContainer/VBoxContainer/Mage/Recruit/AuswahlfürSchlacht")
win_chance_label_node = NodePath("CenterContainer/VBoxContainer/main_part/HBoxContainer/MarginContainer/VBoxContainer/HBoxContainer/Control/WinChance")
town_name_node = NodePath("CenterContainer/VBoxContainer/main_part/HBoxContainer/VBoxContainer/Town/MarginContainer/Town/TownName")
gold_per_turn_node = NodePath("CenterContainer/VBoxContainer/main_part/HBoxContainer/VBoxContainer/Town/MarginContainer/Town/TownInformations/HBoxContainer/VBoxContainer/Gold/Gold_earning")
iron_per_turn_node = NodePath("CenterContainer/VBoxContainer/main_part/HBoxContainer/VBoxContainer/Town/MarginContainer/Town/TownInformations/HBoxContainer/VBoxContainer/Iron/Iron_earning")
stone_per_turn_node = NodePath("CenterContainer/VBoxContainer/main_part/HBoxContainer/VBoxContainer/Town/MarginContainer/Town/TownInformations/HBoxContainer/VBoxContainer/Stone/Stone_earning")
food_per_turn_node = NodePath("CenterContainer/VBoxContainer/main_part/HBoxContainer/VBoxContainer/Town/MarginContainer/Town/TownInformations/HBoxContainer/VBoxContainer/Nahrung/Nahrung_earning")
people_per_turn_node = NodePath("CenterContainer/VBoxContainer/main_part/HBoxContainer/VBoxContainer/Town/MarginContainer/Town/TownInformations/HBoxContainer/VBoxContainer/Persons/Persons_earning")
black_demons_label_node = NodePath("CenterContainer/VBoxContainer/main_part/HBoxContainer/VBoxContainer/Town/MarginContainer/Town/TownInformations/Demons/HBoxContainer/BlackDemon/Label")
ghost_demons_label_node = NodePath("CenterContainer/VBoxContainer/main_part/HBoxContainer/VBoxContainer/Town/MarginContainer/Town/TownInformations/Demons/HBoxContainer/GhostDemon/Label")
town_picture_node = NodePath("CenterContainer/VBoxContainer/main_part/HBoxContainer/VBoxContainer/Town/MarginContainer/Town/TownInformations/HBoxContainer/TownPicture")

[node name="CenterContainer" type="CenterContainer" parent="."]
anchor_right = 1.0
anchor_bottom = 1.0
__meta__ = {
"_edit_use_anchors_": false
}

[node name="TextureRect" type="TextureRect" parent="CenterContainer"]
margin_left = 62.0
margin_top = 50.0
margin_right = 962.0
margin_bottom = 550.0
rect_min_size = Vector2( 900, 500 )
texture = ExtResource( 1 )
expand = true
__meta__ = {
"_edit_use_anchors_": false
}

[node name="VBoxContainer" type="VBoxContainer" parent="CenterContainer"]
margin_left = 62.0
margin_top = 50.0
margin_right = 962.0
margin_bottom = 550.0
rect_min_size = Vector2( 900, 500 )
custom_constants/separation = 0
__meta__ = {
"_edit_use_anchors_": false
}

[node name="Top_part" type="MarginContainer" parent="CenterContainer/VBoxContainer"]
margin_right = 900.0
margin_bottom = 64.0
custom_constants/margin_top = 10

[node name="Top_text" type="VBoxContainer" parent="CenterContainer/VBoxContainer/Top_part"]
margin_top = 10.0
margin_right = 900.0
margin_bottom = 64.0
custom_constants/separation = 26

[node name="Label" type="Label" parent="CenterContainer/VBoxContainer/Top_part/Top_text"]
visible = false
margin_right = 1024.0
margin_bottom = 46.0
custom_fonts/font = ExtResource( 13 )
text = "Soldatenauswahl"
align = 1

[node name="Label2" type="Label" parent="CenterContainer/VBoxContainer/Top_part/Top_text"]
margin_right = 900.0
margin_bottom = 23.0
custom_fonts/font = ExtResource( 12 )
text = "Wahlens sie die Soldaten für die Schlacht aus"
align = 1

[node name="TextureRect" type="TextureRect" parent="CenterContainer/VBoxContainer/Top_part/Top_text"]
self_modulate = Color( 0, 0, 0, 1 )
margin_top = 49.0
margin_right = 900.0
margin_bottom = 54.0
rect_min_size = Vector2( 0, 5 )
texture = ExtResource( 11 )
expand = true

[node name="main_part" type="MarginContainer" parent="CenterContainer/VBoxContainer"]
margin_top = 64.0
margin_right = 900.0
margin_bottom = 500.0
size_flags_vertical = 3
custom_constants/margin_left = 20
custom_constants/margin_bottom = 20

[node name="HBoxContainer" type="HBoxContainer" parent="CenterContainer/VBoxContainer/main_part"]
margin_left = 20.0
margin_right = 900.0
margin_bottom = 416.0

[node name="VBoxContainer" type="VBoxContainer" parent="CenterContainer/VBoxContainer/main_part/HBoxContainer"]
margin_right = 438.0
margin_bottom = 416.0
size_flags_horizontal = 3

[node name="Town" type="Control" parent="CenterContainer/VBoxContainer/main_part/HBoxContainer/VBoxContainer"]
margin_right = 438.0
margin_bottom = 371.0
size_flags_horizontal = 3
size_flags_vertical = 3
__meta__ = {
"_edit_use_anchors_": false
}

[node name="TextureRect" type="TextureRect" parent="CenterContainer/VBoxContainer/main_part/HBoxContainer/VBoxContainer/Town"]
anchor_right = 1.0
anchor_bottom = 1.0
texture = ExtResource( 1 )
expand = true
__meta__ = {
"_edit_use_anchors_": false
}

[node name="MarginContainer" type="MarginContainer" parent="CenterContainer/VBoxContainer/main_part/HBoxContainer/VBoxContainer/Town"]
anchor_right = 1.0
anchor_bottom = 1.0
custom_constants/margin_right = 20
custom_constants/margin_top = 20
custom_constants/margin_left = 20
__meta__ = {
"_edit_use_anchors_": false
}

[node name="Town" type="VBoxContainer" parent="CenterContainer/VBoxContainer/main_part/HBoxContainer/VBoxContainer/Town/MarginContainer"]
margin_left = 20.0
margin_top = 20.0
margin_right = 418.0
margin_bottom = 371.0
size_flags_horizontal = 3
size_flags_vertical = 3
custom_constants/separation = 10
__meta__ = {
"_edit_use_anchors_": false
}

[node name="TownName" type="Label" parent="CenterContainer/VBoxContainer/main_part/HBoxContainer/VBoxContainer/Town/MarginContainer/Town"]
margin_right = 398.0
margin_bottom = 26.0
custom_fonts/font = ExtResource( 15 )
text = "STUPID VILLAGE"
align = 1
__meta__ = {
"_edit_use_anchors_": false
}

[node name="Trennlinie" type="TextureRect" parent="CenterContainer/VBoxContainer/main_part/HBoxContainer/VBoxContainer/Town/MarginContainer/Town"]
self_modulate = Color( 0, 0, 0, 1 )
margin_top = 36.0
margin_right = 398.0
margin_bottom = 38.0
rect_min_size = Vector2( 0, 2 )
texture = ExtResource( 11 )
expand = true

[node name="TownInformations" type="VBoxContainer" parent="CenterContainer/VBoxContainer/main_part/HBoxContainer/VBoxContainer/Town/MarginContainer/Town"]
margin_top = 48.0
margin_right = 398.0
margin_bottom = 351.0
size_flags_horizontal = 3
size_flags_vertical = 3

[node name="HBoxContainer" type="HBoxContainer" parent="CenterContainer/VBoxContainer/main_part/HBoxContainer/VBoxContainer/Town/MarginContainer/Town/TownInformations"]
margin_right = 398.0
margin_bottom = 200.0
size_flags_horizontal = 3
custom_constants/separation = 30
alignment = 1
__meta__ = {
"_edit_use_anchors_": false
}

[node name="TownPicture" type="TextureRect" parent="CenterContainer/VBoxContainer/main_part/HBoxContainer/VBoxContainer/Town/MarginContainer/Town/TownInformations/HBoxContainer"]
margin_left = 37.0
margin_right = 237.0
margin_bottom = 200.0
rect_min_size = Vector2( 200, 200 )
texture = ExtResource( 16 )
expand = true
stretch_mode = 5
__meta__ = {
"_edit_use_anchors_": false
}

[node name="VBoxContainer" type="VBoxContainer" parent="CenterContainer/VBoxContainer/main_part/HBoxContainer/VBoxContainer/Town/MarginContainer/Town/TownInformations/HBoxContainer"]
margin_left = 267.0
margin_right = 361.0
margin_bottom = 200.0
size_flags_stretch_ratio = 0.7

[node name="Gold" type="HBoxContainer" parent="CenterContainer/VBoxContainer/main_part/HBoxContainer/VBoxContainer/Town/MarginContainer/Town/TownInformations/HBoxContainer/VBoxContainer"]
margin_right = 94.0
margin_bottom = 36.0
size_flags_vertical = 3

[node name="TextureRect" type="TextureRect" parent="CenterContainer/VBoxContainer/main_part/HBoxContainer/VBoxContainer/Town/MarginContainer/Town/TownInformations/HBoxContainer/VBoxContainer/Gold"]
margin_right = 50.0
margin_bottom = 36.0
rect_min_size = Vector2( 50, 0 )
size_flags_vertical = 3
texture = ExtResource( 19 )
expand = true
stretch_mode = 5

[node name="Gold_earning" type="Label" parent="CenterContainer/VBoxContainer/main_part/HBoxContainer/VBoxContainer/Town/MarginContainer/Town/TownInformations/HBoxContainer/VBoxContainer/Gold"]
margin_left = 54.0
margin_top = 11.0
margin_right = 94.0
margin_bottom = 25.0
text = " + 200"

[node name="Iron" type="HBoxContainer" parent="CenterContainer/VBoxContainer/main_part/HBoxContainer/VBoxContainer/Town/MarginContainer/Town/TownInformations/HBoxContainer/VBoxContainer"]
margin_top = 40.0
margin_right = 94.0
margin_bottom = 77.0
size_flags_vertical = 3

[node name="TextureRect" type="TextureRect" parent="CenterContainer/VBoxContainer/main_part/HBoxContainer/VBoxContainer/Town/MarginContainer/Town/TownInformations/HBoxContainer/VBoxContainer/Iron"]
margin_right = 50.0
margin_bottom = 37.0
rect_min_size = Vector2( 50, 0 )
size_flags_vertical = 3
texture = ExtResource( 18 )
expand = true
stretch_mode = 5

[node name="Iron_earning" type="Label" parent="CenterContainer/VBoxContainer/main_part/HBoxContainer/VBoxContainer/Town/MarginContainer/Town/TownInformations/HBoxContainer/VBoxContainer/Iron"]
margin_left = 54.0
margin_top = 11.0
margin_right = 94.0
margin_bottom = 25.0
text = " + 200"

[node name="Stone" type="HBoxContainer" parent="CenterContainer/VBoxContainer/main_part/HBoxContainer/VBoxContainer/Town/MarginContainer/Town/TownInformations/HBoxContainer/VBoxContainer"]
margin_top = 81.0
margin_right = 94.0
margin_bottom = 118.0
size_flags_vertical = 3

[node name="TextureRect" type="TextureRect" parent="CenterContainer/VBoxContainer/main_part/HBoxContainer/VBoxContainer/Town/MarginContainer/Town/TownInformations/HBoxContainer/VBoxContainer/Stone"]
margin_right = 50.0
margin_bottom = 37.0
rect_min_size = Vector2( 50, 0 )
size_flags_vertical = 3
texture = ExtResource( 17 )
expand = true
stretch_mode = 5

[node name="Stone_earning" type="Label" parent="CenterContainer/VBoxContainer/main_part/HBoxContainer/VBoxContainer/Town/MarginContainer/Town/TownInformations/HBoxContainer/VBoxContainer/Stone"]
margin_left = 54.0
margin_top = 11.0
margin_right = 94.0
margin_bottom = 25.0
text = " + 200"

[node name="Nahrung" type="HBoxContainer" parent="CenterContainer/VBoxContainer/main_part/HBoxContainer/VBoxContainer/Town/MarginContainer/Town/TownInformations/HBoxContainer/VBoxContainer"]
margin_top = 122.0
margin_right = 94.0
margin_bottom = 159.0
size_flags_vertical = 3

[node name="TextureRect" type="TextureRect" parent="CenterContainer/VBoxContainer/main_part/HBoxContainer/VBoxContainer/Town/MarginContainer/Town/TownInformations/HBoxContainer/VBoxContainer/Nahrung"]
margin_right = 50.0
margin_bottom = 37.0
rect_min_size = Vector2( 50, 0 )
size_flags_vertical = 3
texture = ExtResource( 20 )
expand = true
stretch_mode = 5

[node name="Nahrung_earning" type="Label" parent="CenterContainer/VBoxContainer/main_part/HBoxContainer/VBoxContainer/Town/MarginContainer/Town/TownInformations/HBoxContainer/VBoxContainer/Nahrung"]
margin_left = 54.0
margin_top = 11.0
margin_right = 94.0
margin_bottom = 25.0
text = " + 200"

[node name="Persons" type="HBoxContainer" parent="CenterContainer/VBoxContainer/main_part/HBoxContainer/VBoxContainer/Town/MarginContainer/Town/TownInformations/HBoxContainer/VBoxContainer"]
margin_top = 163.0
margin_right = 94.0
margin_bottom = 200.0
size_flags_vertical = 3

[node name="TextureRect" type="TextureRect" parent="CenterContainer/VBoxContainer/main_part/HBoxContainer/VBoxContainer/Town/MarginContainer/Town/TownInformations/HBoxContainer/VBoxContainer/Persons"]
margin_right = 50.0
margin_bottom = 37.0
rect_min_size = Vector2( 50, 0 )
size_flags_vertical = 3
texture = ExtResource( 21 )
expand = true
stretch_mode = 5

[node name="Persons_earning" type="Label" parent="CenterContainer/VBoxContainer/main_part/HBoxContainer/VBoxContainer/Town/MarginContainer/Town/TownInformations/HBoxContainer/VBoxContainer/Persons"]
margin_left = 54.0
margin_top = 11.0
margin_right = 94.0
margin_bottom = 25.0
text = " + 200"

[node name="Demons" type="MarginContainer" parent="CenterContainer/VBoxContainer/main_part/HBoxContainer/VBoxContainer/Town/MarginContainer/Town/TownInformations"]
margin_top = 204.0
margin_right = 398.0
margin_bottom = 303.0
size_flags_vertical = 3
custom_constants/margin_left = 20

[node name="HBoxContainer" type="HBoxContainer" parent="CenterContainer/VBoxContainer/main_part/HBoxContainer/VBoxContainer/Town/MarginContainer/Town/TownInformations/Demons"]
margin_left = 20.0
margin_right = 398.0
margin_bottom = 99.0
custom_constants/separation = 30

[node name="BlackDemon" type="HBoxContainer" parent="CenterContainer/VBoxContainer/main_part/HBoxContainer/VBoxContainer/Town/MarginContainer/Town/TownInformations/Demons/HBoxContainer"]
margin_right = 119.0
margin_bottom = 99.0

[node name="Label" type="Label" parent="CenterContainer/VBoxContainer/main_part/HBoxContainer/VBoxContainer/Town/MarginContainer/Town/TownInformations/Demons/HBoxContainer/BlackDemon"]
margin_top = 42.0
margin_right = 35.0
margin_bottom = 56.0
text = "200 x"

[node name="TextureRect" type="TextureRect" parent="CenterContainer/VBoxContainer/main_part/HBoxContainer/VBoxContainer/Town/MarginContainer/Town/TownInformations/Demons/HBoxContainer/BlackDemon"]
margin_left = 39.0
margin_right = 119.0
margin_bottom = 99.0
rect_min_size = Vector2( 80, 0 )

[node name="AnimatedSprite" type="AnimatedSprite" parent="CenterContainer/VBoxContainer/main_part/HBoxContainer/VBoxContainer/Town/MarginContainer/Town/TownInformations/Demons/HBoxContainer/BlackDemon/TextureRect"]
position = Vector2( 39.8869, 38.0251 )
scale = Vector2( 0.5, 0.5 )
frames = ExtResource( 22 )
animation = "Walking_S"

[node name="GhostDemon" type="HBoxContainer" parent="CenterContainer/VBoxContainer/main_part/HBoxContainer/VBoxContainer/Town/MarginContainer/Town/TownInformations/Demons/HBoxContainer"]
margin_left = 149.0
margin_right = 268.0
margin_bottom = 99.0

[node name="Label" type="Label" parent="CenterContainer/VBoxContainer/main_part/HBoxContainer/VBoxContainer/Town/MarginContainer/Town/TownInformations/Demons/HBoxContainer/GhostDemon"]
margin_top = 42.0
margin_right = 35.0
margin_bottom = 56.0
text = "200 x"

[node name="TextureRect" type="TextureRect" parent="CenterContainer/VBoxContainer/main_part/HBoxContainer/VBoxContainer/Town/MarginContainer/Town/TownInformations/Demons/HBoxContainer/GhostDemon"]
margin_left = 39.0
margin_right = 119.0
margin_bottom = 99.0
rect_min_size = Vector2( 80, 0 )

[node name="AnimatedSprite" type="AnimatedSprite" parent="CenterContainer/VBoxContainer/main_part/HBoxContainer/VBoxContainer/Town/MarginContainer/Town/TownInformations/Demons/HBoxContainer/GhostDemon/TextureRect"]
position = Vector2( 39.8869, 38.0251 )
scale = Vector2( 0.5, 0.5 )
frames = ExtResource( 23 )
animation = "Walking_S"
speed_scale = 0.8

[node name="HBoxContainer2" type="HBoxContainer" parent="CenterContainer/VBoxContainer/main_part/HBoxContainer/VBoxContainer"]
margin_top = 375.0
margin_right = 438.0
margin_bottom = 416.0
size_flags_horizontal = 3
size_flags_vertical = 3
size_flags_stretch_ratio = 0.11

[node name="verlassen" type="Control" parent="CenterContainer/VBoxContainer/main_part/HBoxContainer/VBoxContainer/HBoxContainer2"]
margin_right = 217.0
margin_bottom = 41.0
size_flags_horizontal = 3

[node name="TextureRect3" type="TextureRect" parent="CenterContainer/VBoxContainer/main_part/HBoxContainer/VBoxContainer/HBoxContainer2/verlassen"]
anchor_right = 1.0
anchor_bottom = 1.0
texture = ExtResource( 5 )
expand = true
stretch_mode = 6
__meta__ = {
"_edit_use_anchors_": false
}

[node name="Verlassen" type="TextureButton" parent="CenterContainer/VBoxContainer/main_part/HBoxContainer/VBoxContainer/HBoxContainer2/verlassen/TextureRect3"]
self_modulate = Color( 0.764706, 0.764706, 0.764706, 1 )
show_behind_parent = true
anchor_right = 1.0
anchor_bottom = 1.0
keep_pressed_outside = true
texture_normal = ExtResource( 6 )
texture_pressed = ExtResource( 7 )
texture_hover = ExtResource( 8 )
expand = true
stretch_mode = 5
script = ExtResource( 24 )
__meta__ = {
"_edit_use_anchors_": false
}

[node name="Text" type="Label" parent="CenterContainer/VBoxContainer/main_part/HBoxContainer/VBoxContainer/HBoxContainer2/verlassen/TextureRect3/Verlassen"]
anchor_right = 1.0
anchor_bottom = 1.0
custom_fonts/font = ExtResource( 15 )
custom_colors/font_color = Color( 0, 0, 0, 1 )
text = "Verlassen"
align = 1
valign = 1
uppercase = true
__meta__ = {
"_edit_use_anchors_": false
}

[node name="Empty" type="Control" parent="CenterContainer/VBoxContainer/main_part/HBoxContainer/VBoxContainer/HBoxContainer2"]
margin_left = 221.0
margin_right = 438.0
margin_bottom = 41.0
size_flags_horizontal = 3

[node name="MarginContainer" type="MarginContainer" parent="CenterContainer/VBoxContainer/main_part/HBoxContainer"]
margin_left = 442.0
margin_right = 880.0
margin_bottom = 416.0
size_flags_horizontal = 3
size_flags_vertical = 3
custom_constants/margin_top = 50

[node name="VBoxContainer" type="VBoxContainer" parent="CenterContainer/VBoxContainer/main_part/HBoxContainer/MarginContainer"]
margin_top = 50.0
margin_right = 438.0
margin_bottom = 416.0
size_flags_horizontal = 3
size_flags_vertical = 3

[node name="ScrollContainer" type="ScrollContainer" parent="CenterContainer/VBoxContainer/main_part/HBoxContainer/MarginContainer/VBoxContainer"]
margin_right = 438.0
margin_bottom = 326.0
size_flags_horizontal = 3
size_flags_vertical = 3

[node name="VBoxContainer" type="VBoxContainer" parent="CenterContainer/VBoxContainer/main_part/HBoxContainer/MarginContainer/VBoxContainer/ScrollContainer"]
margin_right = 178.0
margin_bottom = 271.0
custom_constants/separation = 71

[node name="Soldat" type="HBoxContainer" parent="CenterContainer/VBoxContainer/main_part/HBoxContainer/MarginContainer/VBoxContainer/ScrollContainer/VBoxContainer"]
margin_right = 178.0
margin_bottom = 100.0
rect_min_size = Vector2( 0, 100 )

[node name="Im BEsitz" type="Label" parent="CenterContainer/VBoxContainer/main_part/HBoxContainer/MarginContainer/VBoxContainer/ScrollContainer/VBoxContainer/Soldat"]
margin_top = 43.0
margin_right = 50.0
margin_bottom = 57.0
rect_min_size = Vector2( 50, 0 )
text = "10"
align = 2
clip_text = true

[node name="TextureRect" type="TextureRect" parent="CenterContainer/VBoxContainer/main_part/HBoxContainer/MarginContainer/VBoxContainer/ScrollContainer/VBoxContainer/Soldat"]
margin_left = 54.0
margin_right = 124.0
margin_bottom = 100.0
rect_min_size = Vector2( 70, 0 )
size_flags_vertical = 3
expand = true
stretch_mode = 6

[node name="AnimatedSprite" type="AnimatedSprite" parent="CenterContainer/VBoxContainer/main_part/HBoxContainer/MarginContainer/VBoxContainer/ScrollContainer/VBoxContainer/Soldat/TextureRect"]
position = Vector2( 25.4974, 46.5629 )
frames = ExtResource( 2 )
animation = "Walking_S"
playing = true

[node name="MarginContainer" type="MarginContainer" parent="CenterContainer/VBoxContainer/main_part/HBoxContainer/MarginContainer/VBoxContainer/ScrollContainer/VBoxContainer/Soldat"]
visible = false
margin_left = 128.0
margin_right = 229.0
margin_bottom = 100.0
custom_constants/margin_left = -19

[node name="VBoxContainer2" type="VBoxContainer" parent="CenterContainer/VBoxContainer/main_part/HBoxContainer/MarginContainer/VBoxContainer/ScrollContainer/VBoxContainer/Soldat/MarginContainer"]
margin_left = -19.0
margin_right = 101.0
margin_bottom = 100.0
rect_min_size = Vector2( 120, 0 )

[node name="health" type="HBoxContainer" parent="CenterContainer/VBoxContainer/main_part/HBoxContainer/MarginContainer/VBoxContainer/ScrollContainer/VBoxContainer/Soldat/MarginContainer/VBoxContainer2"]
margin_right = 120.0
margin_bottom = 22.0
size_flags_vertical = 3

[node name="description" type="Label" parent="CenterContainer/VBoxContainer/main_part/HBoxContainer/MarginContainer/VBoxContainer/ScrollContainer/VBoxContainer/Soldat/MarginContainer/VBoxContainer2/health"]
margin_right = 50.0
margin_bottom = 22.0
size_flags_vertical = 3
text = "Health: "
valign = 1
__meta__ = {
"_edit_use_anchors_": false
}

[node name="number" type="Label" parent="CenterContainer/VBoxContainer/main_part/HBoxContainer/MarginContainer/VBoxContainer/ScrollContainer/VBoxContainer/Soldat/MarginContainer/VBoxContainer2/health"]
margin_left = 54.0
margin_right = 78.0
margin_bottom = 22.0
size_flags_vertical = 3
text = "100"
valign = 1
__meta__ = {
"_edit_use_anchors_": false
}

[node name="attack" type="HBoxContainer" parent="CenterContainer/VBoxContainer/main_part/HBoxContainer/MarginContainer/VBoxContainer/ScrollContainer/VBoxContainer/Soldat/MarginContainer/VBoxContainer2"]
margin_top = 26.0
margin_right = 120.0
margin_bottom = 48.0
size_flags_vertical = 3

[node name="description" type="Label" parent="CenterContainer/VBoxContainer/main_part/HBoxContainer/MarginContainer/VBoxContainer/ScrollContainer/VBoxContainer/Soldat/MarginContainer/VBoxContainer2/attack"]
margin_right = 48.0
margin_bottom = 22.0
size_flags_vertical = 3
text = "Attack: "
valign = 1

[node name="number" type="Label" parent="CenterContainer/VBoxContainer/main_part/HBoxContainer/MarginContainer/VBoxContainer/ScrollContainer/VBoxContainer/Soldat/MarginContainer/VBoxContainer2/attack"]
margin_left = 52.0
margin_right = 84.0
margin_bottom = 22.0
size_flags_vertical = 3
text = "5000"
align = 2
valign = 1

[node name="lvl" type="HBoxContainer" parent="CenterContainer/VBoxContainer/main_part/HBoxContainer/MarginContainer/VBoxContainer/ScrollContainer/VBoxContainer/Soldat/MarginContainer/VBoxContainer2"]
margin_top = 52.0
margin_right = 120.0
margin_bottom = 74.0
size_flags_vertical = 3

[node name="description" type="Label" parent="CenterContainer/VBoxContainer/main_part/HBoxContainer/MarginContainer/VBoxContainer/ScrollContainer/VBoxContainer/Soldat/MarginContainer/VBoxContainer2/lvl"]
margin_right = 26.0
margin_bottom = 22.0
size_flags_vertical = 3
text = "Lvl: "
valign = 1

[node name="number" type="Label" parent="CenterContainer/VBoxContainer/main_part/HBoxContainer/MarginContainer/VBoxContainer/ScrollContainer/VBoxContainer/Soldat/MarginContainer/VBoxContainer2/lvl"]
margin_left = 30.0
margin_right = 46.0
margin_bottom = 22.0
size_flags_vertical = 3
text = "50"
valign = 1

[node name="aggroable" type="HBoxContainer" parent="CenterContainer/VBoxContainer/main_part/HBoxContainer/MarginContainer/VBoxContainer/ScrollContainer/VBoxContainer/Soldat/MarginContainer/VBoxContainer2"]
margin_top = 78.0
margin_right = 120.0
margin_bottom = 100.0
size_flags_vertical = 3

[node name="description" type="Label" parent="CenterContainer/VBoxContainer/main_part/HBoxContainer/MarginContainer/VBoxContainer/ScrollContainer/VBoxContainer/Soldat/MarginContainer/VBoxContainer2/aggroable"]
margin_right = 69.0
margin_bottom = 22.0
size_flags_vertical = 3
text = "aggroable: "
valign = 1

[node name="number" type="Label" parent="CenterContainer/VBoxContainer/main_part/HBoxContainer/MarginContainer/VBoxContainer/ScrollContainer/VBoxContainer/Soldat/MarginContainer/VBoxContainer2/aggroable"]
margin_left = 73.0
margin_right = 81.0
margin_bottom = 22.0
size_flags_vertical = 3
text = "4"
valign = 1

[node name="Recruit" type="VBoxContainer" parent="CenterContainer/VBoxContainer/main_part/HBoxContainer/MarginContainer/VBoxContainer/ScrollContainer/VBoxContainer/Soldat"]
margin_left = 128.0
margin_right = 178.0
margin_bottom = 100.0
custom_constants/separation = 5
alignment = 1

[node name="Add" type="TextureRect" parent="CenterContainer/VBoxContainer/main_part/HBoxContainer/MarginContainer/VBoxContainer/ScrollContainer/VBoxContainer/Soldat/Recruit"]
self_modulate = Color( 0.501961, 0.458824, 0.458824, 1 )
margin_right = 50.0
margin_bottom = 38.0
rect_min_size = Vector2( 50, 0 )
size_flags_vertical = 3
expand = true

[node name="Button" type="TextureButton" parent="CenterContainer/VBoxContainer/main_part/HBoxContainer/MarginContainer/VBoxContainer/ScrollContainer/VBoxContainer/Soldat/Recruit/Add"]
show_behind_parent = true
anchor_right = 1.0
anchor_bottom = 1.0
keep_pressed_outside = true
texture_normal = ExtResource( 6 )
texture_pressed = ExtResource( 7 )
texture_hover = ExtResource( 8 )
expand = true
script = ExtResource( 24 )
__meta__ = {
"_edit_use_anchors_": false
}

[node name="Text" type="Label" parent="CenterContainer/VBoxContainer/main_part/HBoxContainer/MarginContainer/VBoxContainer/ScrollContainer/VBoxContainer/Soldat/Recruit/Add/Button"]
anchor_right = 1.0
anchor_bottom = 1.0
custom_fonts/font = ExtResource( 15 )
custom_colors/font_color = Color( 0, 0, 0, 1 )
text = "+"
align = 1
valign = 1
__meta__ = {
"_edit_use_anchors_": false
}

[node name="AuswahlfürSchlacht" type="Label" parent="CenterContainer/VBoxContainer/main_part/HBoxContainer/MarginContainer/VBoxContainer/ScrollContainer/VBoxContainer/Soldat/Recruit"]
margin_top = 43.0
margin_right = 50.0
margin_bottom = 57.0
text = "2000"
align = 1

[node name="Sub" type="TextureRect" parent="CenterContainer/VBoxContainer/main_part/HBoxContainer/MarginContainer/VBoxContainer/ScrollContainer/VBoxContainer/Soldat/Recruit"]
margin_top = 62.0
margin_right = 50.0
margin_bottom = 100.0
rect_min_size = Vector2( 50, 0 )
size_flags_vertical = 3
expand = true

[node name="Button" type="TextureButton" parent="CenterContainer/VBoxContainer/main_part/HBoxContainer/MarginContainer/VBoxContainer/ScrollContainer/VBoxContainer/Soldat/Recruit/Sub"]
show_behind_parent = true
anchor_right = 1.0
anchor_bottom = 1.0
keep_pressed_outside = true
texture_normal = ExtResource( 6 )
texture_pressed = ExtResource( 7 )
texture_hover = ExtResource( 8 )
expand = true
script = ExtResource( 24 )
__meta__ = {
"_edit_use_anchors_": false
}

[node name="Text" type="Label" parent="CenterContainer/VBoxContainer/main_part/HBoxContainer/MarginContainer/VBoxContainer/ScrollContainer/VBoxContainer/Soldat/Recruit/Sub/Button"]
anchor_right = 1.0
anchor_bottom = 1.0
custom_fonts/font = ExtResource( 15 )
custom_colors/font_color = Color( 0, 0, 0, 1 )
text = "-"
align = 1
valign = 1
__meta__ = {
"_edit_use_anchors_": false
}

[node name="Description" type="Label" parent="CenterContainer/VBoxContainer/main_part/HBoxContainer/MarginContainer/VBoxContainer/ScrollContainer/VBoxContainer/Soldat"]
visible = false
margin_left = 287.0
margin_right = 787.0
margin_bottom = 100.0
rect_min_size = Vector2( 500, 0 )
size_flags_vertical = 3
text = "Soldaten ziehen aggro von Dämonen in der Nähe an, womit diese für die Soldaten gehen. "
valign = 1
autowrap = true

[node name="Mage" type="HBoxContainer" parent="CenterContainer/VBoxContainer/main_part/HBoxContainer/MarginContainer/VBoxContainer/ScrollContainer/VBoxContainer"]
margin_top = 171.0
margin_right = 178.0
margin_bottom = 271.0
rect_min_size = Vector2( 0, 100 )

[node name="Im BEsitz" type="Label" parent="CenterContainer/VBoxContainer/main_part/HBoxContainer/MarginContainer/VBoxContainer/ScrollContainer/VBoxContainer/Mage"]
margin_top = 43.0
margin_right = 50.0
margin_bottom = 57.0
rect_min_size = Vector2( 50, 0 )
text = "12000"
align = 2
clip_text = true

[node name="TextureRect" type="TextureRect" parent="CenterContainer/VBoxContainer/main_part/HBoxContainer/MarginContainer/VBoxContainer/ScrollContainer/VBoxContainer/Mage"]
margin_left = 54.0
margin_right = 124.0
margin_bottom = 100.0
rect_min_size = Vector2( 70, 0 )
size_flags_vertical = 3
expand = true
stretch_mode = 6

[node name="AnimatedSprite" type="AnimatedSprite" parent="CenterContainer/VBoxContainer/main_part/HBoxContainer/MarginContainer/VBoxContainer/ScrollContainer/VBoxContainer/Mage/TextureRect"]
position = Vector2( 25.5686, 44.0007 )
frames = ExtResource( 10 )
animation = "Walking_S"
frame = 3
playing = true

[node name="MarginContainer" type="MarginContainer" parent="CenterContainer/VBoxContainer/main_part/HBoxContainer/MarginContainer/VBoxContainer/ScrollContainer/VBoxContainer/Mage"]
visible = false
margin_left = 128.0
margin_right = 229.0
margin_bottom = 100.0
custom_constants/margin_left = -19

[node name="VBoxContainer2" type="VBoxContainer" parent="CenterContainer/VBoxContainer/main_part/HBoxContainer/MarginContainer/VBoxContainer/ScrollContainer/VBoxContainer/Mage/MarginContainer"]
margin_left = -19.0
margin_right = 101.0
margin_bottom = 100.0
rect_min_size = Vector2( 120, 0 )

[node name="health" type="HBoxContainer" parent="CenterContainer/VBoxContainer/main_part/HBoxContainer/MarginContainer/VBoxContainer/ScrollContainer/VBoxContainer/Mage/MarginContainer/VBoxContainer2"]
margin_right = 120.0
margin_bottom = 22.0
size_flags_vertical = 3

[node name="description" type="Label" parent="CenterContainer/VBoxContainer/main_part/HBoxContainer/MarginContainer/VBoxContainer/ScrollContainer/VBoxContainer/Mage/MarginContainer/VBoxContainer2/health"]
margin_right = 50.0
margin_bottom = 22.0
size_flags_vertical = 3
text = "Health: "
valign = 1
__meta__ = {
"_edit_use_anchors_": false
}

[node name="number" type="Label" parent="CenterContainer/VBoxContainer/main_part/HBoxContainer/MarginContainer/VBoxContainer/ScrollContainer/VBoxContainer/Mage/MarginContainer/VBoxContainer2/health"]
margin_left = 54.0
margin_right = 78.0
margin_bottom = 22.0
size_flags_vertical = 3
text = "100"
valign = 1
__meta__ = {
"_edit_use_anchors_": false
}

[node name="attack" type="HBoxContainer" parent="CenterContainer/VBoxContainer/main_part/HBoxContainer/MarginContainer/VBoxContainer/ScrollContainer/VBoxContainer/Mage/MarginContainer/VBoxContainer2"]
margin_top = 26.0
margin_right = 120.0
margin_bottom = 48.0
size_flags_vertical = 3

[node name="description" type="Label" parent="CenterContainer/VBoxContainer/main_part/HBoxContainer/MarginContainer/VBoxContainer/ScrollContainer/VBoxContainer/Mage/MarginContainer/VBoxContainer2/attack"]
margin_right = 48.0
margin_bottom = 22.0
size_flags_vertical = 3
text = "Attack: "
valign = 1

[node name="number" type="Label" parent="CenterContainer/VBoxContainer/main_part/HBoxContainer/MarginContainer/VBoxContainer/ScrollContainer/VBoxContainer/Mage/MarginContainer/VBoxContainer2/attack"]
margin_left = 52.0
margin_right = 84.0
margin_bottom = 22.0
size_flags_vertical = 3
text = "5000"
align = 2
valign = 1

[node name="lvl" type="HBoxContainer" parent="CenterContainer/VBoxContainer/main_part/HBoxContainer/MarginContainer/VBoxContainer/ScrollContainer/VBoxContainer/Mage/MarginContainer/VBoxContainer2"]
margin_top = 52.0
margin_right = 120.0
margin_bottom = 74.0
size_flags_vertical = 3

[node name="description" type="Label" parent="CenterContainer/VBoxContainer/main_part/HBoxContainer/MarginContainer/VBoxContainer/ScrollContainer/VBoxContainer/Mage/MarginContainer/VBoxContainer2/lvl"]
margin_right = 26.0
margin_bottom = 22.0
size_flags_vertical = 3
text = "Lvl: "
valign = 1

[node name="number" type="Label" parent="CenterContainer/VBoxContainer/main_part/HBoxContainer/MarginContainer/VBoxContainer/ScrollContainer/VBoxContainer/Mage/MarginContainer/VBoxContainer2/lvl"]
margin_left = 30.0
margin_right = 46.0
margin_bottom = 22.0
size_flags_vertical = 3
text = "50"
valign = 1

[node name="aggroable" type="HBoxContainer" parent="CenterContainer/VBoxContainer/main_part/HBoxContainer/MarginContainer/VBoxContainer/ScrollContainer/VBoxContainer/Mage/MarginContainer/VBoxContainer2"]
margin_top = 78.0
margin_right = 120.0
margin_bottom = 100.0
size_flags_vertical = 3

[node name="description" type="Label" parent="CenterContainer/VBoxContainer/main_part/HBoxContainer/MarginContainer/VBoxContainer/ScrollContainer/VBoxContainer/Mage/MarginContainer/VBoxContainer2/aggroable"]
margin_right = 69.0
margin_bottom = 22.0
size_flags_vertical = 3
text = "aggroable: "
valign = 1

[node name="number" type="Label" parent="CenterContainer/VBoxContainer/main_part/HBoxContainer/MarginContainer/VBoxContainer/ScrollContainer/VBoxContainer/Mage/MarginContainer/VBoxContainer2/aggroable"]
margin_left = 73.0
margin_right = 81.0
margin_bottom = 22.0
size_flags_vertical = 3
text = "4"
valign = 1

[node name="Recruit" type="VBoxContainer" parent="CenterContainer/VBoxContainer/main_part/HBoxContainer/MarginContainer/VBoxContainer/ScrollContainer/VBoxContainer/Mage"]
margin_left = 128.0
margin_right = 178.0
margin_bottom = 100.0
custom_constants/separation = 5
alignment = 1

[node name="Add" type="TextureRect" parent="CenterContainer/VBoxContainer/main_part/HBoxContainer/MarginContainer/VBoxContainer/ScrollContainer/VBoxContainer/Mage/Recruit"]
self_modulate = Color( 0.501961, 0.458824, 0.458824, 1 )
margin_right = 50.0
margin_bottom = 38.0
rect_min_size = Vector2( 50, 0 )
size_flags_vertical = 3
expand = true

[node name="Button" type="TextureButton" parent="CenterContainer/VBoxContainer/main_part/HBoxContainer/MarginContainer/VBoxContainer/ScrollContainer/VBoxContainer/Mage/Recruit/Add"]
show_behind_parent = true
anchor_right = 1.0
anchor_bottom = 1.0
keep_pressed_outside = true
texture_normal = ExtResource( 6 )
texture_pressed = ExtResource( 7 )
texture_hover = ExtResource( 8 )
expand = true
script = ExtResource( 24 )
__meta__ = {
"_edit_use_anchors_": false
}

[node name="Text" type="Label" parent="CenterContainer/VBoxContainer/main_part/HBoxContainer/MarginContainer/VBoxContainer/ScrollContainer/VBoxContainer/Mage/Recruit/Add/Button"]
anchor_right = 1.0
anchor_bottom = 1.0
custom_fonts/font = ExtResource( 15 )
custom_colors/font_color = Color( 0, 0, 0, 1 )
text = "+"
align = 1
valign = 1
__meta__ = {
"_edit_use_anchors_": false
}

[node name="AuswahlfürSchlacht" type="Label" parent="CenterContainer/VBoxContainer/main_part/HBoxContainer/MarginContainer/VBoxContainer/ScrollContainer/VBoxContainer/Mage/Recruit"]
margin_top = 43.0
margin_right = 50.0
margin_bottom = 57.0
text = "2000"
align = 1

[node name="Sub" type="TextureRect" parent="CenterContainer/VBoxContainer/main_part/HBoxContainer/MarginContainer/VBoxContainer/ScrollContainer/VBoxContainer/Mage/Recruit"]
margin_top = 62.0
margin_right = 50.0
margin_bottom = 100.0
rect_min_size = Vector2( 50, 0 )
size_flags_vertical = 3
expand = true

[node name="Button" type="TextureButton" parent="CenterContainer/VBoxContainer/main_part/HBoxContainer/MarginContainer/VBoxContainer/ScrollContainer/VBoxContainer/Mage/Recruit/Sub"]
show_behind_parent = true
anchor_right = 1.0
anchor_bottom = 1.0
keep_pressed_outside = true
texture_normal = ExtResource( 6 )
texture_pressed = ExtResource( 7 )
texture_hover = ExtResource( 8 )
expand = true
script = ExtResource( 24 )
__meta__ = {
"_edit_use_anchors_": false
}

[node name="Text" type="Label" parent="CenterContainer/VBoxContainer/main_part/HBoxContainer/MarginContainer/VBoxContainer/ScrollContainer/VBoxContainer/Mage/Recruit/Sub/Button"]
anchor_right = 1.0
anchor_bottom = 1.0
custom_fonts/font = ExtResource( 15 )
custom_colors/font_color = Color( 0, 0, 0, 1 )
text = "-"
align = 1
valign = 1
__meta__ = {
"_edit_use_anchors_": false
}

[node name="Description" type="Label" parent="CenterContainer/VBoxContainer/main_part/HBoxContainer/MarginContainer/VBoxContainer/ScrollContainer/VBoxContainer/Mage"]
visible = false
margin_left = 287.0
margin_right = 787.0
margin_bottom = 100.0
rect_min_size = Vector2( 500, 0 )
size_flags_vertical = 3
text = "Viel Damage, wenig Leben. Werden von Dämonen angegriffen, wenn diese nicht geaggroed sind"
valign = 1
autowrap = true

[node name="HBoxContainer" type="HBoxContainer" parent="CenterContainer/VBoxContainer/main_part/HBoxContainer/MarginContainer/VBoxContainer"]
margin_top = 330.0
margin_right = 438.0
margin_bottom = 366.0
size_flags_horizontal = 3
size_flags_vertical = 3
size_flags_stretch_ratio = 0.11

[node name="Control" type="Control" parent="CenterContainer/VBoxContainer/main_part/HBoxContainer/MarginContainer/VBoxContainer/HBoxContainer"]
margin_right = 217.0
margin_bottom = 36.0
size_flags_horizontal = 3
size_flags_vertical = 3

[node name="TextureRect2" type="TextureRect" parent="CenterContainer/VBoxContainer/main_part/HBoxContainer/MarginContainer/VBoxContainer/HBoxContainer/Control"]
anchor_right = 1.0
anchor_bottom = 1.0
texture = ExtResource( 5 )
expand = true
stretch_mode = 6
__meta__ = {
"_edit_use_anchors_": false
}

[node name="SendSoldier" type="TextureButton" parent="CenterContainer/VBoxContainer/main_part/HBoxContainer/MarginContainer/VBoxContainer/HBoxContainer/Control/TextureRect2"]
self_modulate = Color( 0.764706, 0.764706, 0.764706, 1 )
show_behind_parent = true
anchor_right = 1.0
anchor_bottom = 1.0
keep_pressed_outside = true
texture_normal = ExtResource( 6 )
texture_pressed = ExtResource( 7 )
texture_hover = ExtResource( 8 )
expand = true
stretch_mode = 5
script = ExtResource( 24 )
__meta__ = {
"_edit_use_anchors_": false
}

[node name="Text" type="Label" parent="CenterContainer/VBoxContainer/main_part/HBoxContainer/MarginContainer/VBoxContainer/HBoxContainer/Control/TextureRect2/SendSoldier"]
anchor_right = 1.0
anchor_bottom = 1.0
custom_fonts/font = ExtResource( 14 )
custom_colors/font_color = Color( 0, 0, 0, 1 )
text = "Soldaten Schicken"
align = 1
valign = 1
uppercase = true
__meta__ = {
"_edit_use_anchors_": false
}

[node name="WinChance" type="Label" parent="CenterContainer/VBoxContainer/main_part/HBoxContainer/MarginContainer/VBoxContainer/HBoxContainer/Control"]
anchor_right = 1.0
margin_top = -20.0
custom_fonts/font = ExtResource( 14 )
text = "Win Chance: 69%"
align = 1
__meta__ = {
"_edit_use_anchors_": false
}

[node name="Control2" type="Control" parent="CenterContainer/VBoxContainer/main_part/HBoxContainer/MarginContainer/VBoxContainer/HBoxContainer"]
margin_left = 221.0
margin_right = 438.0
margin_bottom = 36.0
size_flags_horizontal = 3

[node name="TextureRect3" type="TextureRect" parent="CenterContainer/VBoxContainer/main_part/HBoxContainer/MarginContainer/VBoxContainer/HBoxContainer/Control2"]
anchor_right = 1.0
anchor_bottom = 1.0
texture = ExtResource( 5 )
expand = true
stretch_mode = 6
__meta__ = {
"_edit_use_anchors_": false
}

[node name="BeginFight" type="TextureButton" parent="CenterContainer/VBoxContainer/main_part/HBoxContainer/MarginContainer/VBoxContainer/HBoxContainer/Control2/TextureRect3"]
self_modulate = Color( 0.764706, 0.764706, 0.764706, 1 )
show_behind_parent = true
anchor_right = 1.0
anchor_bottom = 1.0
keep_pressed_outside = true
texture_normal = ExtResource( 6 )
texture_pressed = ExtResource( 7 )
texture_hover = ExtResource( 8 )
expand = true
stretch_mode = 5
script = ExtResource( 24 )
__meta__ = {
"_edit_use_anchors_": false
}

[node name="Text" type="Label" parent="CenterContainer/VBoxContainer/main_part/HBoxContainer/MarginContainer/VBoxContainer/HBoxContainer/Control2/TextureRect3/BeginFight"]
anchor_right = 1.0
anchor_bottom = 1.0
custom_fonts/font = SubResource( 1 )
custom_colors/font_color = Color( 0, 0, 0, 1 )
text = "Mit Kämpfen"
align = 1
valign = 1
uppercase = true
__meta__ = {
"_edit_use_anchors_": false
}

[node name="Are You sure Send Soldier" type="CenterContainer" parent="."]
visible = false
anchor_right = 1.0
anchor_bottom = 1.0
__meta__ = {
"_edit_use_anchors_": false
}

[node name="TextureRect" type="TextureRect" parent="Are You sure Send Soldier"]
self_modulate = Color( 0.109804, 0.109804, 0.109804, 1 )
margin_left = 187.0
margin_top = 175.0
margin_right = 837.0
margin_bottom = 425.0
rect_min_size = Vector2( 650, 250 )
texture = ExtResource( 11 )
expand = true

[node name="Border" type="TextureRect" parent="Are You sure Send Soldier/TextureRect"]
visible = false
anchor_right = 1.0
anchor_bottom = 1.0
size_flags_horizontal = 3
size_flags_vertical = 3
texture = ExtResource( 28 )
expand = true
__meta__ = {
"_edit_use_anchors_": false
}

[node name="MarginContainer" type="MarginContainer" parent="Are You sure Send Soldier/TextureRect"]
anchor_right = 1.0
anchor_bottom = 1.0
custom_constants/margin_right = 20
custom_constants/margin_top = 10
custom_constants/margin_left = 20
custom_constants/margin_bottom = 20
__meta__ = {
"_edit_use_anchors_": false
}

[node name="VBoxContainer" type="VBoxContainer" parent="Are You sure Send Soldier/TextureRect/MarginContainer"]
margin_left = 20.0
margin_top = 10.0
margin_right = 630.0
margin_bottom = 230.0
custom_constants/separation = 10
__meta__ = {
"_edit_use_anchors_": false
}

[node name="Label" type="Label" parent="Are You sure Send Soldier/TextureRect/MarginContainer/VBoxContainer"]
margin_right = 610.0
margin_bottom = 46.0
custom_fonts/font = ExtResource( 13 )
text = "Bist du sicher?"
align = 1

[node name="Label2" type="Label" parent="Are You sure Send Soldier/TextureRect/MarginContainer/VBoxContainer"]
margin_top = 56.0
margin_right = 610.0
margin_bottom = 77.0
custom_fonts/font = SubResource( 2 )
text = "Soldaten kämpfen ohne dich, Ihre Siegeschancen betragen:"
align = 1

[node name="WinChance" type="Label" parent="Are You sure Send Soldier/TextureRect/MarginContainer/VBoxContainer"]
margin_top = 106.0
margin_right = 610.0
margin_bottom = 151.0
size_flags_vertical = 6
custom_fonts/font = SubResource( 3 )
text = "69%"
align = 1

[node name="Label3" type="Label" parent="Are You sure Send Soldier/TextureRect/MarginContainer/VBoxContainer"]
visible = false
margin_top = 141.0
margin_right = 610.0
margin_bottom = 162.0
size_flags_vertical = 6
custom_fonts/font = ExtResource( 3 )
align = 1

[node name="HBoxContainer" type="HBoxContainer" parent="Are You sure Send Soldier/TextureRect/MarginContainer/VBoxContainer"]
margin_top = 180.0
margin_right = 610.0
margin_bottom = 220.0

[node name="TextureRect4" type="TextureRect" parent="Are You sure Send Soldier/TextureRect/MarginContainer/VBoxContainer/HBoxContainer"]
margin_right = 303.0
margin_bottom = 40.0
rect_min_size = Vector2( 0, 40 )
size_flags_horizontal = 3
texture = ExtResource( 5 )
expand = true
stretch_mode = 6
__meta__ = {
"_edit_use_anchors_": false
}

[node name="Abbrechen" type="TextureButton" parent="Are You sure Send Soldier/TextureRect/MarginContainer/VBoxContainer/HBoxContainer/TextureRect4"]
self_modulate = Color( 0.764706, 0.764706, 0.764706, 1 )
show_behind_parent = true
anchor_right = 1.0
anchor_bottom = 1.0
keep_pressed_outside = true
texture_normal = ExtResource( 6 )
texture_pressed = ExtResource( 7 )
texture_hover = ExtResource( 8 )
expand = true
stretch_mode = 5
script = ExtResource( 24 )
__meta__ = {
"_edit_use_anchors_": false
}

[node name="Text" type="Label" parent="Are You sure Send Soldier/TextureRect/MarginContainer/VBoxContainer/HBoxContainer/TextureRect4/Abbrechen"]
anchor_right = 1.0
anchor_bottom = 1.0
custom_fonts/font = ExtResource( 15 )
custom_colors/font_color = Color( 0, 0, 0, 1 )
text = "Abbrechen"
align = 1
valign = 1
uppercase = true
__meta__ = {
"_edit_use_anchors_": false
}

[node name="TextureRect5" type="TextureRect" parent="Are You sure Send Soldier/TextureRect/MarginContainer/VBoxContainer/HBoxContainer"]
margin_left = 307.0
margin_right = 610.0
margin_bottom = 40.0
rect_min_size = Vector2( 0, 40 )
size_flags_horizontal = 3
texture = ExtResource( 5 )
expand = true
stretch_mode = 6
__meta__ = {
"_edit_use_anchors_": false
}

[node name="Bestätigen" type="TextureButton" parent="Are You sure Send Soldier/TextureRect/MarginContainer/VBoxContainer/HBoxContainer/TextureRect5"]
self_modulate = Color( 0.764706, 0.764706, 0.764706, 1 )
show_behind_parent = true
anchor_right = 1.0
anchor_bottom = 1.0
keep_pressed_outside = true
texture_normal = ExtResource( 6 )
texture_pressed = ExtResource( 7 )
texture_hover = ExtResource( 8 )
expand = true
stretch_mode = 5
script = ExtResource( 24 )
__meta__ = {
"_edit_use_anchors_": false
}

[node name="Text" type="Label" parent="Are You sure Send Soldier/TextureRect/MarginContainer/VBoxContainer/HBoxContainer/TextureRect5/Bestätigen"]
anchor_right = 1.0
anchor_bottom = 1.0
custom_fonts/font = ExtResource( 15 )
custom_colors/font_color = Color( 0, 0, 0, 1 )
text = "Bestätigen"
align = 1
valign = 1
uppercase = true
__meta__ = {
"_edit_use_anchors_": false
}

[node name="ButtonHoverSound" type="AudioStreamPlayer" parent="."]
stream = ExtResource( 26 )

[node name="ButtonPressedSound" type="AudioStreamPlayer" parent="."]
stream = ExtResource( 29 )

[node name="ErrorSound" type="AudioStreamPlayer" parent="."]
stream = ExtResource( 25 )
[connection signal="button_down" from="CenterContainer/VBoxContainer/main_part/HBoxContainer/VBoxContainer/HBoxContainer2/verlassen/TextureRect3/Verlassen" to="CenterContainer/VBoxContainer/main_part/HBoxContainer/VBoxContainer/HBoxContainer2/verlassen/TextureRect3/Verlassen" method="_on_Button_button_down"]
[connection signal="button_up" from="CenterContainer/VBoxContainer/main_part/HBoxContainer/VBoxContainer/HBoxContainer2/verlassen/TextureRect3/Verlassen" to="CenterContainer/VBoxContainer/main_part/HBoxContainer/VBoxContainer/HBoxContainer2/verlassen/TextureRect3/Verlassen" method="_on_Button_button_up"]
[connection signal="mouse_entered" from="CenterContainer/VBoxContainer/main_part/HBoxContainer/VBoxContainer/HBoxContainer2/verlassen/TextureRect3/Verlassen" to="." method="_on_Button_mouse_entered"]
[connection signal="pressed" from="CenterContainer/VBoxContainer/main_part/HBoxContainer/VBoxContainer/HBoxContainer2/verlassen/TextureRect3/Verlassen" to="." method="_on_Verlassen_pressed"]
[connection signal="button_down" from="CenterContainer/VBoxContainer/main_part/HBoxContainer/MarginContainer/VBoxContainer/ScrollContainer/VBoxContainer/Soldat/Recruit/Add/Button" to="CenterContainer/VBoxContainer/main_part/HBoxContainer/MarginContainer/VBoxContainer/ScrollContainer/VBoxContainer/Soldat/Recruit/Add/Button" method="_on_Button_button_down"]
[connection signal="button_up" from="CenterContainer/VBoxContainer/main_part/HBoxContainer/MarginContainer/VBoxContainer/ScrollContainer/VBoxContainer/Soldat/Recruit/Add/Button" to="CenterContainer/VBoxContainer/main_part/HBoxContainer/MarginContainer/VBoxContainer/ScrollContainer/VBoxContainer/Soldat/Recruit/Add/Button" method="_on_Button_button_up"]
[connection signal="mouse_entered" from="CenterContainer/VBoxContainer/main_part/HBoxContainer/MarginContainer/VBoxContainer/ScrollContainer/VBoxContainer/Soldat/Recruit/Add/Button" to="." method="_on_Button_mouse_entered"]
[connection signal="pressed" from="CenterContainer/VBoxContainer/main_part/HBoxContainer/MarginContainer/VBoxContainer/ScrollContainer/VBoxContainer/Soldat/Recruit/Add/Button" to="." method="_on_AddSoldier_pressed"]
[connection signal="button_down" from="CenterContainer/VBoxContainer/main_part/HBoxContainer/MarginContainer/VBoxContainer/ScrollContainer/VBoxContainer/Soldat/Recruit/Sub/Button" to="CenterContainer/VBoxContainer/main_part/HBoxContainer/MarginContainer/VBoxContainer/ScrollContainer/VBoxContainer/Soldat/Recruit/Sub/Button" method="_on_Button_button_down"]
[connection signal="button_up" from="CenterContainer/VBoxContainer/main_part/HBoxContainer/MarginContainer/VBoxContainer/ScrollContainer/VBoxContainer/Soldat/Recruit/Sub/Button" to="CenterContainer/VBoxContainer/main_part/HBoxContainer/MarginContainer/VBoxContainer/ScrollContainer/VBoxContainer/Soldat/Recruit/Sub/Button" method="_on_Button_button_up"]
[connection signal="mouse_entered" from="CenterContainer/VBoxContainer/main_part/HBoxContainer/MarginContainer/VBoxContainer/ScrollContainer/VBoxContainer/Soldat/Recruit/Sub/Button" to="." method="_on_Button_mouse_entered"]
[connection signal="pressed" from="CenterContainer/VBoxContainer/main_part/HBoxContainer/MarginContainer/VBoxContainer/ScrollContainer/VBoxContainer/Soldat/Recruit/Sub/Button" to="." method="_on_SubSoldier_pressed"]
[connection signal="button_down" from="CenterContainer/VBoxContainer/main_part/HBoxContainer/MarginContainer/VBoxContainer/ScrollContainer/VBoxContainer/Mage/Recruit/Add/Button" to="CenterContainer/VBoxContainer/main_part/HBoxContainer/MarginContainer/VBoxContainer/ScrollContainer/VBoxContainer/Mage/Recruit/Add/Button" method="_on_Button_button_down"]
[connection signal="button_up" from="CenterContainer/VBoxContainer/main_part/HBoxContainer/MarginContainer/VBoxContainer/ScrollContainer/VBoxContainer/Mage/Recruit/Add/Button" to="CenterContainer/VBoxContainer/main_part/HBoxContainer/MarginContainer/VBoxContainer/ScrollContainer/VBoxContainer/Mage/Recruit/Add/Button" method="_on_Button_button_up"]
[connection signal="mouse_entered" from="CenterContainer/VBoxContainer/main_part/HBoxContainer/MarginContainer/VBoxContainer/ScrollContainer/VBoxContainer/Mage/Recruit/Add/Button" to="." method="_on_Button_mouse_entered"]
[connection signal="pressed" from="CenterContainer/VBoxContainer/main_part/HBoxContainer/MarginContainer/VBoxContainer/ScrollContainer/VBoxContainer/Mage/Recruit/Add/Button" to="." method="_on_AddMage_pressed"]
[connection signal="button_down" from="CenterContainer/VBoxContainer/main_part/HBoxContainer/MarginContainer/VBoxContainer/ScrollContainer/VBoxContainer/Mage/Recruit/Sub/Button" to="CenterContainer/VBoxContainer/main_part/HBoxContainer/MarginContainer/VBoxContainer/ScrollContainer/VBoxContainer/Mage/Recruit/Sub/Button" method="_on_Button_button_down"]
[connection signal="button_up" from="CenterContainer/VBoxContainer/main_part/HBoxContainer/MarginContainer/VBoxContainer/ScrollContainer/VBoxContainer/Mage/Recruit/Sub/Button" to="CenterContainer/VBoxContainer/main_part/HBoxContainer/MarginContainer/VBoxContainer/ScrollContainer/VBoxContainer/Mage/Recruit/Sub/Button" method="_on_Button_button_up"]
[connection signal="mouse_entered" from="CenterContainer/VBoxContainer/main_part/HBoxContainer/MarginContainer/VBoxContainer/ScrollContainer/VBoxContainer/Mage/Recruit/Sub/Button" to="." method="_on_Button_mouse_entered"]
[connection signal="pressed" from="CenterContainer/VBoxContainer/main_part/HBoxContainer/MarginContainer/VBoxContainer/ScrollContainer/VBoxContainer/Mage/Recruit/Sub/Button" to="." method="_on_SubMage_pressed"]
[connection signal="button_down" from="CenterContainer/VBoxContainer/main_part/HBoxContainer/MarginContainer/VBoxContainer/HBoxContainer/Control/TextureRect2/SendSoldier" to="CenterContainer/VBoxContainer/main_part/HBoxContainer/MarginContainer/VBoxContainer/HBoxContainer/Control/TextureRect2/SendSoldier" method="_on_Button_button_down"]
[connection signal="button_up" from="CenterContainer/VBoxContainer/main_part/HBoxContainer/MarginContainer/VBoxContainer/HBoxContainer/Control/TextureRect2/SendSoldier" to="CenterContainer/VBoxContainer/main_part/HBoxContainer/MarginContainer/VBoxContainer/HBoxContainer/Control/TextureRect2/SendSoldier" method="_on_Button_button_up"]
[connection signal="mouse_entered" from="CenterContainer/VBoxContainer/main_part/HBoxContainer/MarginContainer/VBoxContainer/HBoxContainer/Control/TextureRect2/SendSoldier" to="." method="_on_Button_mouse_entered"]
[connection signal="pressed" from="CenterContainer/VBoxContainer/main_part/HBoxContainer/MarginContainer/VBoxContainer/HBoxContainer/Control/TextureRect2/SendSoldier" to="." method="_on_SendSoldier_pressed"]
[connection signal="button_down" from="CenterContainer/VBoxContainer/main_part/HBoxContainer/MarginContainer/VBoxContainer/HBoxContainer/Control2/TextureRect3/BeginFight" to="CenterContainer/VBoxContainer/main_part/HBoxContainer/MarginContainer/VBoxContainer/HBoxContainer/Control2/TextureRect3/BeginFight" method="_on_Button_button_down"]
[connection signal="button_up" from="CenterContainer/VBoxContainer/main_part/HBoxContainer/MarginContainer/VBoxContainer/HBoxContainer/Control2/TextureRect3/BeginFight" to="CenterContainer/VBoxContainer/main_part/HBoxContainer/MarginContainer/VBoxContainer/HBoxContainer/Control2/TextureRect3/BeginFight" method="_on_Button_button_up"]
[connection signal="mouse_entered" from="CenterContainer/VBoxContainer/main_part/HBoxContainer/MarginContainer/VBoxContainer/HBoxContainer/Control2/TextureRect3/BeginFight" to="." method="_on_Button_mouse_entered"]
[connection signal="pressed" from="CenterContainer/VBoxContainer/main_part/HBoxContainer/MarginContainer/VBoxContainer/HBoxContainer/Control2/TextureRect3/BeginFight" to="." method="_on_BeginFight_pressed"]
[connection signal="button_down" from="Are You sure Send Soldier/TextureRect/MarginContainer/VBoxContainer/HBoxContainer/TextureRect4/Abbrechen" to="Are You sure Send Soldier/TextureRect/MarginContainer/VBoxContainer/HBoxContainer/TextureRect4/Abbrechen" method="_on_Button_button_down"]
[connection signal="button_up" from="Are You sure Send Soldier/TextureRect/MarginContainer/VBoxContainer/HBoxContainer/TextureRect4/Abbrechen" to="Are You sure Send Soldier/TextureRect/MarginContainer/VBoxContainer/HBoxContainer/TextureRect4/Abbrechen" method="_on_Button_button_up"]
[connection signal="button_down" from="Are You sure Send Soldier/TextureRect/MarginContainer/VBoxContainer/HBoxContainer/TextureRect5/Bestätigen" to="Are You sure Send Soldier/TextureRect/MarginContainer/VBoxContainer/HBoxContainer/TextureRect5/Bestätigen" method="_on_Button_button_down"]
[connection signal="button_up" from="Are You sure Send Soldier/TextureRect/MarginContainer/VBoxContainer/HBoxContainer/TextureRect5/Bestätigen" to="Are You sure Send Soldier/TextureRect/MarginContainer/VBoxContainer/HBoxContainer/TextureRect5/Bestätigen" method="_on_Button_button_up"]
[connection signal="finished" from="ButtonPressedSound" to="." method="_on_ButtonPressedSound_finished"]
